2550 3774
142 251 194 290 20

144 357 364 399 Merkelius
398 353 559 407 quidem
598 351 736 392 contra
768 347 950 389 omnium
982 347 1165 388 codicum
1196 348 1482 389 auctoritatem
1512 349 1616 390 nihil
1655 349 1825 390 nouauit
1855 361 1927 389 nec
1957 348 2087 388 ullum
2118 347 2284 388 lacunae
2316 348 2477 401 signum

143 425 302 466 adiecit.
354 435 459 463 nunc
485 421 642 475 praeter
673 418 773 458 alios
803 417 843 456 et
867 416 987 457 Riese
1016 416 1057 456 et
1088 428 1159 469 ego
1191 416 1277 470 ipse
1307 429 1449 458 uersus
1480 417 1674 470 quosdam
1704 417 2028 471 transposuimus
2058 416 2178 468 atque
2206 416 2346 469 paucis
2375 417 2477 458 locis

142 493 337 547 quaedam
370 488 623 531 intercidisse
653 485 894 526 censuimus.
954 484 1042 534 sed,
1078 485 1124 524 ut
1154 485 1217 525 est
1253 497 1299 525 ex
1337 484 1460 525 metri
1490 486 1634 526 natura
1665 485 1715 526 ad
1752 485 2029 526 narrationem
2060 495 2202 537 parum
2233 484 2327 536 apta
2358 484 2398 524 et
2429 497 2475 524 ex

147 562 353 615 farragine
378 558 697 600 coniecturarum
720 555 759 594 et
781 553 1077 594 sententiarum
1101 552 1148 592 de
1171 553 1310 593 eadem
1331 565 1373 593 re
1396 553 1646 594 diuersarum
1667 554 1715 595 ab
1746 554 1890 595 Ouidio
1919 553 2110 606 congesta
2136 552 2331 593 orationis
2361 552 2475 592 tenor

142 643 259 684 saepe
298 629 489 681 abruptus
529 626 568 665 et
605 623 786 672 hiulcus,
829 623 872 662 in
912 623 1081 675 utraque
1117 634 1159 662 re
1198 622 1414 662 statuenda
1451 633 1645 674 magnum
1684 621 1910 674 periculum
1951 622 2032 671 est,
2072 632 2122 661 ne
2161 621 2303 674 poetae
2339 621 2475 673 potius

140 711 304 738 manum
335 708 453 749 quam
484 692 670 733 librarios
703 691 971 744 corrigamus,
1002 691 1244 744 praesertim
1274 703 1366 731 cum
1397 690 1467 730 ille
1499 690 1627 731 fastos
1654 690 1899 744 inperfectos
1931 689 2151 744 reliquerit.
2212 701 2306 729 nam
2335 688 2474 730 fabula

140 766 317 806 Aristaei
346 765 364 804 Ι
394 761 629 803 363-383
660 772 734 800 1166
772 772 861 799 611111
895 760 954 800 eis
987 772 1086 813 quae
1118 759 1362 800 antecedunt
1404 759 1495 811 apte
1536 771 1685 799 conexa
1722 760 1784 799 est
1820 759 1878 808 et,
1911 771 1989 812 qua
2019 759 2105 799 arte
2136 770 2230 811 apes
2266 757 2475 810 reparatae

141 835 241 883 sint,
272 832 452 886 pluribus
475 829 629 877 narrat,
661 827 763 868 illud
792 827 967 878 omittit,
999 828 1103 880 quod
1126 829 1163 869 ei
1189 828 1324 869 locum
1352 828 1438 877 dat,
1469 839 1558 868 eam
1582 840 1746 868 causam
1768 827 1915 876 fuisse,
1946 829 1992 868 ut
2013 829 2136 869 boues
2161 826 2473 873 inmolai·entur;

140 903 176 942 ΙΙ
208 903 282 942 711
316 901 407 953 post
437 898 657 939 Gabiorum
697 897 1038 950 expugnationem
1079 898 1212 938 subito
1253 897 1301 937 ad
1338 897 1569 950 prodigium
1609 897 1829 950 quoddam,
1873 896 1975 949 quod
2016 897 2168 937 Romae
2205 895 2361 936 factum
2400 894 2474 942 est,

139 969 351 1021 dolumque
382 967 519 1015 Bruti,
551 979 627 1019 quo
658 966 901 1019 Tarquinios
932 966 1101 1016 fefellit,
1145 966 1272 1007 oratio
1304 966 1455 1019 pergit,
1489 978 1590 1019 quae
1621 965 1759 1006 fabula
1789 966 1877 1019 ipsa
1906 977 1976 1018 per
2008 978 2049 1006 se
2082 965 2298 1006 admodum
2328 964 2475 1004 leuiter

139 1039 299 1077 narrata
327 1038 371 1077 ut
398 1035 677 1088 intellegatur,
708 1035 870 1084 Liuius,
903 1048 979 1088 quo
1008 1036 1178 1076 Ouidius
1209 1048 1305 1075 usus
1337 1036 1417 1084 est,
1450 1035 1727 1088 conparandus
1756 1035 1838 1082 est3
1871 1047 1947 1087 qua
1978 1033 2135 1074 ratione
2164 1031 2473 1090 111285-348

138 1107 177 1146 et
207 1105 439 1146 349—-393
477 1104 584 1144 inter
625 1115 666 1145 se
706 1104 970 1153 cohaereant,
1016 1117 1095 1145 non
1124 1104 1369 1158 perspicitur
1399 1104 1481 1144 nisi
1511 1104 1801 1145 additamentis
1833 1103 2074 1156 quibusdam
2113 1101 2275 1142 aliunde
2307 1100 2475 1141 adscitis

137 1174 255 1226 (Aah.
288 1188 323 1227 p.
347 1175 439 1228 95);
470 1175 513 1214 in
544 1174 772 1215 secessione
803 1174 876 1214 illa
908 1174 1125 1215 tibicinum
1157 1175 1389 1223 Tiburtina,
1422 1186 1543 1227 quam
1578 1173 1748 1213 Ouidius
1778 1173 1936 1213 V1657
1960 1184 2043 1225 sqq.
2074 1170 2308 1224 descripsit,
2344 1169 2475 1210 multa

138 1255 182 1282 ex
212 1243 422 1283 Plutarchi
454 1244 607 1296 quaest.
637 1243 806 1284 Roman.
839 1242 887 1296 (c.
920 1244 1010 1296 55),
1051 1245 1120 1296 (1111
1151 1256 1195 1283 ex
1227 1243 1367 1284 eodem
1399 1243 1511 1285 fonte
1553 1255 1625 1284 sua
1659 1241 1798 1282 hausit
1838 1253 1882 1281 ex
1914 1253 1989 1294 quo
2024 1240 2212 1289 Ouidius,
2251 1238 2472 1292 supplenda

137 1312 238 1352 sunt.
297 1311 425 1351 nihilo
455 1311 592 1351 minus
624 1311 882 1351 librariorum
914 1312 1033 1365 culpa
1061 1313 1135 1353 has
1167 1311 1326 1352 fabulas
1358 1313 1398 1351 in
1431 1312 1557 1353 talem
1588 1312 1762 1352 formam
1788 1310 1973 1350 redactas
2006 1321 2094 1349 esse
2119 1320 2237 1349 nemo
2263 1306 2473 1360 cogitauit.

134 1393 273 1420 uerum
303 1381 460 1429 tamen,
493 1381 538 1420 ut
566 1381 690 1421 etiam
722 1393 828 1420 nunc
856 1382 951 1421 sunt
981 1381 1068 1434 qui,
1102 1392 1201 1433 quae
1229 1380 1357 1433 ipsius
1387 1381 1528 1433 poetae
1559 1380 1841 1434 neglegentiae
1872 1380 1982 1419 recte
2014 1376 2227 1419 tribuenda
2257 1376 2371 1425 sunt,
2404 1376 2474 1416 aut

134 1448 516 1500 transpositionibus
548 1449 618 1489 aut
647 1449 884 1490 lacunarum
917 1449 1048 1503 signis
1075 1461 1283 1489 remouere
1315 1448 1501 1496 student,
1532 1448 1589 1488 sic
1620 1448 1845 1500 antiquitus
1877 1446 2062 1487 uersibus
2083 1445 2342 1499 quibusdam,
2375 1456 2473 1497 quos

135 1517 211 1569 ipsi
241 1516 473 1565 finxissent,
514 1517 681 1557 insertis
712 1517 834 1558 Ouidi
864 1517 998 1558 famae
1028 1517 1215 1558 homines
1247 1517 1356 1558 docti
1388 1530 1410 1557 a
1442 1529 1484 1557 se
1516 1516 1808 1558 consulendum
1840 1528 1927 1557 esse
1962 1516 2042 1556 rati
2073 1516 2179 1556 sunt.
2239 1527 2316 1568 qua
2346 1515 2475 1555 inter-

133 1585 336 1638 polatione
366 1598 416 1625 ne
455 1586 540 1639 ipse
573 1586 733 1639 quidem
766 1587 887 1627 codex
919 1588 1160 1639 archetypus
1191 1586 1374 1635 uacauit,
1416 1586 1459 1625 hi
1500 1585 1609 1625 enim
1640 1597 1798 1634 uersus,
1839 1585 1907 1637 qui
1938 1585 1979 1624 in
2011 1585 2198 1626 omnibus
2228 1585 2344 1626 libris
2375 1596 2472 1625 mss.

135 1667 238 1694 1111116
269 1655 444 1704 exstant,
476 1655 738 1708 probabiliter
769 1655 958 1708 expuncti
990 1655 1103 1695 sunt:
1135 1656 1153 1695 I
1178 1656 1256 1695 205
1283 1668 1340 1707 sq.
1366 1653 1407 1708 (a
1434 1666 1499 1694 me
1529 1654 1644 1707 epist.
1668 1654 1756 1694 crit.
1778 1667 1813 1707 p.
1839 1655 1920 1708 14),
1947 1654 1983 1694 V
2007 1655 2087 1694 273
2111 1667 2165 1707 sq.
2189 1652 2230 1708 (a
2252 1654 2473 1707 Bentleio),

134 1724 189 1764 VI
219 1725 270 1764 39
301 1724 341 1777 (a
370 1736 434 1764 me
465 1725 578 1777 epist.
603 1736 654 1766 cr.
678 1738 713 1777 p.
740 1724 789 1764 15
814 1725 902 1778 sq),
935 1726 1014 1764 277
1048 1737 1102 1777 sq.
1137 1724 1178 1777 (a
1209 1724 1429 1777 Bentleio),
1462 1724 1535 1764 751
1570 1735 1624 1776 sq.
1653 1722 1719 1776 (ab
1750 1722 1923 1763 Heinsio
1957 1724 1997 1763 et
2028 1722 2280 1777 Schradero),
2313 1724 2392 1764 805
2418 1738 2472 1778 sq.

134 1790 174 1843 (a
204 1791 479 1833 Brouckhusio
522 1793 562 1832 et
602 1792 854 1846 Schradero).
913 1793 1043 1833 multo
1086 1795 1222 1833 autem
1264 1794 1455 1835 audacius
1496 1794 1659 1835 uersata
1701 1794 1763 1834 est
1802 1793 2062 1846 interpolatio
2101 1794 2143 1834 in
2184 1794 2241 1835 eis
2273 1795 2341 1847 qui
2380 1795 2473 1835 inde

135 1860 322 1912 exscripti
354 1861 448 1900 sunt
480 1860 706 1910 codicibus,
756 1862 802 1901 ut
843 1862 886 1901 in
930 1862 988 1902 eis
1019 1863 1203 1903 uersibus
1236 1863 1303 1916 qui
1335 1863 1377 1903 in
1408 1863 1521 1916 parte
1553 1863 1714 1903 tantum
1756 1875 1891 1904 eorum
1925 1863 2201 1913 exhibeantur,
2242 1865 2323 1905 nisi
2364 1866 2474 1906 certa

135 1941 253 1968 cansa
292 1941 361 1968 6111·
392 1929 695 1979 interciderint,
739 1931 897 1980 subest,
938 1931 979 1971 in
1021 1932 1143 1972 uerba
1187 1932 1386 1973 Ouidiana
1426 1932 1669 1985 recipiendis
1711 1944 1869 1972 summa
1909 1932 2095 1973 cautione
2126 1946 2224 1986 opus
2256 1934 2320 1975 sit.
2379 1934 2473 1975 illos

135 1998 240 2037 enim
269 1998 578 2050 interpolatores
610 2000 696 2040 arte
727 2000 899 2053 quadam
928 2013 1069 2041 uersus
1096 2002 1299 2054 pangendi
1330 2002 1558 2054 indicioque
1589 2001 1810 2042 instructos
1843 2001 1969 2042 fuisse
2001 2002 2120 2054 atque
2153 2003 2219 2043 hic
2250 2003 2337 2043 illic
2365 2002 2473 2043 haud

134 2067 349 2108 infeliciter
381 2068 571 2108 Ouidium
604 2068 788 2109 imitatos
827 2080 934 2116 esse,
976 2070 1075 2109 haec
1116 2071 1300 2124 exempla
1343 2071 1488 2112 docent
1529 2083 1741 2120 uersuum,
1783 2071 1851 2125 qui
1882 2072 1924 2111 in
1958 2072 2141 2112 tristium
2173 2073 2213 2112 et
2243 2073 2285 2113 in
2318 2073 2473 2126 epistu-

133 2135 261 2175 larum
294 2149 338 2176 61
366 2138 496 2177 Ponto
527 2137 643 2178 libris
675 2137 915 2191 quibusdam
946 2137 1148 2190 leguntur,
1181 2139 1303 2180 Ouidi
1335 2141 1472 2180 autem
1505 2141 1638 2181 aetate
1666 2140 1796 2181 multo
1827 2139 2041 2181 inferiores
2075 2141 2190 2181 sunt:

732 2205 939 2245 Fluctibus
968 2207 1147 2246 immensi
1177 2208 1315 2246 credar
1351 2208 1460 2248 (du'rc
1491 2210 1614 2248 imerit-

135 2273 221 2326 (pro
252 2275 506 2326 pentametro
537 2275 657 2316 huius
690 2275 858 2316 distichi
890 2276 936 2316 tr.
968 2276 1005 2315 H
1037 2277 1136 2316 185:

732 2344 873 2383 Mitius
903 2345 1065 2383 milium
1094 2346 1128 2384 ,ςί
1158 2346 1230 2383 «lus
1256 2347 1504 2400 propiusque
1536 2347 1703 2399 rogyuutz',

860 2428 961 2467 par->⁷
993 2414 1063 2452 erit
1094 2428 1111 2453 6
1137 2427 1270 2468 poema
1301 2429 1451 2467 ouafflzu
1483 2414 1614 2453 leuutu
1645 2416 1760 2468 mea),

732 2480 881 2534 Ibyeus
911 2483 1073 2521 investes
1104 2483 1228 2521 mouit
1253 2490 1489 2537 praeceptor
1518 2497 1680 2529 amores,

865 2550 1008 2590 Aloeus
1040 2552 1121 2605 ipsc
1150 2559 1280 2591 tamen
1313 2553 1457 2591 mansit
1487 2552 1529 2590 'lu
1559 2551 1653 2591 'urbe
1685 2566 1757 2589 suu

133 2614 253 2667 (quod
284 2616 484 2659 distichon
513 2621 604 2672 post
634 2621 681 2662 tr.
703 2621 741 2661 Π
769 2622 849 2662 364
878 2622 919 2661 111
951 2622 1189 2674 quibusdam
1218 2621 1333 2662 libris
1365 2621 1483 2674 idque
1515 2622 1698 2673 corrupte
1732 2621 1928 2674 scriptum
1961 2622 2042 2671 est,
2074 2622 2214 2663 fictum
2247 2621 2467 2663 secundum

135 2682 257 2724 Cicer.
288 2686 445 2729 Tuscul.
476 2689 532 2729 IV
564 2690 629 2737 33,
662 2691 725 2738 71,
757 2690 834 2731 uid.
866 2690 1021 2730 Merkel
1054 2691 1102 2730 ad
1130 2691 1166 2731 h.
1199 2690 1224 2730 1.
1256 2690 1298 2730 in
1330 2690 1388 2730 ed.
1420 2689 1547 2743 mai),

731 2759 874 2812 aptior,
906 2758 1107 2811 imffleuium
1138 2773 1262 2802 vome,
1300 2757 1478 2797 Tibullus
1508 2763 1591 2796 erut

138 2820 223 2872 (pro
254 2825 505 2874 pentametro
536 2827 656 2867 huius
688 2827 853 2867 distichi
884 2827 930 2868 tr.
964 2827 998 2867 V
1033 2828 1068 2876 1,
1102 2828 1150 2867 17
1185 2840 1262 2879 sq:

732 2897 863 2950 aptior
894 2895 982 2933 huie
1013 2894 1154 2934 Gallus
1186 2895 1398 2949 blandique
1424 2895 1659 2947 Propertius
1687 2897 1765 2935 oris

865 2971 898 3003 et
922 2964 1070 3018 plures,
1105 2977 1271 3017 quorum
1301 2964 1463 3002 nomina
1493 2980 1642 3017 Μαῖρα(
1669 2967 1829 3020 uigyeut),

733 3037 846 3084 utque
876 3031 968 3070 solet
1000 3032 1166 3070 nimium
1196 3033 1229 3070 si
1249 3032 1378 3085 fontis
1410 3033 1519 3071 riuus
1550 3033 1720 3074 abundet

866 3100 1053 3139 diducam
1084 3100 1213 3139 studio
1245 3115 1290 3140 ne
1320 3109 1408 3140 satu
1442 3101 1544 3141 laeta
1574 3111 1713 3155 mulcet

134 3159 241 3211 (post
272 3162 385 3213 epist.
416 3164 431 3202 Ῑ
464 3165 499 3212 S,
532 3167 582 3206 60
613 3166 655 3206 111
689 3168 771 3209 60(1.
801 3167 971 3217 Μο1·611,
1003 3168 1052 3210 cf.
1084 3170 1197 3210 Korn
1227 3171 1268 3211 in
1298 3171 1421 3223 praef.
1456 3172 1569 3224 epist.
1600 3186 1634 3225 p.
1664 3174 1827 3227 XXIV),

735 3237 904 3276 audaces
937 3239 1089 3276 animos
1121 3240 1337 3278 contuderit
1361 3241 1506 3295 populi
1536 3242 1594 3293 (in
1626 3243 1709 3283 cod.
1741 3243 1954 3293 Baual·iCO)

637 3304 700 3345 vel
732 3319 769 3344 se
799 3306 916 3344 nimis
944 3305 1128 3345 ulciscens
1160 3309 1303 3347 aestua}
1332 3310 1414 3363 ipse
1444 3324 1582 3349 nocens
