2550 3774
2410 286 2432 324 5

253 393 290 433 3.
335 391 456 433 codex
495 386 1046 439 Mallerstorfiensis,
1086 403 1192 431 nunc
1223 391 1481 431 Monacensis
1507 392 1614 431 8122
1658 392 1717 442 (in
1749 392 1866 432 catal.
1901 392 2011 433 codd.
2043 392 2111 434 lat.
2148 394 2305 435 Monac.
2364 397 2434 437 D

85 460 182 500 tom.
212 461 251 500 ΙΙ
279 460 380 512 part.
409 461 427 500 I
455 474 492 513 p.
523 460 586 514 3),
626 461 978 508 membranaceus,
1022 471 1126 500 saec.
1162 459 1260 498 XIII
1290 457 1353 511 (ut
1383 458 1518 511 placet
1558 459 1745 508 Halmio,
1787 459 1973 512 equidem
2014 460 2172 501 saeculo
2217 473 2308 501 eum
2348 473 2435 502 esse

86 528 356 580 antiquiorem
395 527 774 582 existumaueram),
818 527 972 568 formae
1011 528 1198 575 octauae,
1244 538 1350 566 nunc
1390 526 1581 567 foliorum
1623 528 1882 580 septuaginta
1914 536 1954 568 et
1983 528 2103 569 unius
2134 529 2271 570 auolso
2302 530 2432 582 primo

86 595 197 645 folio,
230 598 276 636 ut
306 596 441 636 desint
470 596 565 636 libri
594 597 613 636 I
641 609 679 637 u.
712 597 879 645 1—70,
918 596 960 636 in
1003 595 1176 648 singulis
1215 594 1376 647 paginis
1419 595 1550 646 primo
1591 595 1841 635 tricenorum
1873 597 2105 648 quinorum,
2138 599 2226 637 tum
2257 599 2434 638 triceno-

84 677 173 704 rum
214 665 501 716 quaternorum
538 675 749 712 uersuum,
789 662 891 703 satis
931 662 1138 715 eleganter
1177 663 1450 715 conscriptus,
1490 675 1579 703 raro
1617 676 1639 704 a
1676 665 1969 705 recentioribus
2010 665 2198 706 manibus
2238 667 2433 717 mutatus,

86 732 252 773 scholiis
274 731 514 784 quibusdam
537 732 580 772 in
602 731 788 784 margine
811 731 1025 784 adspersis.
1084 730 1174 771 Hoc
1204 730 1307 771 libro
1338 731 1514 783 primus,
1547 731 1651 784 quod
1682 732 1828 781 sciam,
1860 745 1957 773 usus
1989 734 2052 773 est
2074 733 2296 775 Merkelius
2327 737 2434 776 eius-

84 812 160 854 que
188 800 409 853 scripturas
440 800 482 840 in
512 800 645 853 priore
678 812 750 840 sua
782 800 959 840 editione
990 799 1058 852 (cf.
1076 813 1112 851 p.
1134 798 1371 840 CCLXXVI
1393 800 1467 852 sq.)
1499 799 1651 852 publici
1681 801 1781 841 iuris
1804 801 1924 849 fecit,
1953 803 2040 842 tum
2063 815 2157 843 uero
2178 815 2243 843 me
2273 805 2434 857 quidem

83 869 215 909 iudice
245 868 394 908 iniuria
415 868 458 908 in
483 868 661 908 editione
685 866 968 908 Teubneriana
999 867 1162 919 spreuit.
1212 880 1319 907 nunc
1348 868 1433 920 ipse
1467 880 1559 908 eum
1586 869 1864 909 intercedente
1895 870 2125 912 ministerio
2155 873 2293 913 nostro
2324 875 2434 927 regio

82 949 105 977 a
135 936 382 977 bibliotheca
410 936 649 977 Monacensi
680 946 840 976 summa
869 934 1117 975 liberalitate
1147 935 1227 974 huc
1257 936 1545 976 transmissum
1577 936 1704 977 denuc
1737 938 1904 979 excussi.

249 1005 285 1045 4.
317 1003 448 1045 Codex
481 1003 838 1044 Treuerensis
868 1002 1141 1043 bibliothecae
1178 1003 1424 1044 cathedra-lis
1456 1004 1652 1044 ecclesiae
1693 1005 1955 1047 Treuerensis
1997 1021 2032 1049 n.
2057 1010 2147 1059 118,
2178 1023 2308 1051 mem-
2368 1014 2433 1054 T

83 1072 322 1121 branaceus,
355 1072 544 1112 adcurate
577 1072 762 1113 conlatus
794 1084 816 1111 a
847 1071 894 1111 V.
923 1071 1109 1120 Loersio,
1139 1071 1208 1124 qui
1240 1071 1512 1113 conlationem
1544 1085 1659 1113 suam
1690 1074 1729 1113 in
1760 1087 1805 1116 eo
1836 1075 1951 1126 libro,
1994 1079 2062 1130 qui
2092 1079 2329 1121 inscribitur
2360 1082 2433 1122 ‘De

81 1139 211 1180 tribus
242 1140 285 1181 P.
317 1139 438 1180 Ouidi
478 1139 653 1180 Nasonis
698 1138 899 1179 fastorum
941 1138 1147 1179 codicibus
1188 1152 1311 1180 manu
1352 1141 1514 1193 scriptis
1554 1143 1858 1184 00111111011101106
1889 1145 2089 1197 (Treuiris
2117 1148 2433 1205 MDCCCLVH)

82 1207 209 1248 edidit
240 1209 281 1248 et
311 1219 412 1249 saec.
443 1208 500 1247 XI
530 1207 598 1247 uel
627 1207 703 1247 XII
734 1219 826 1247 eum
868 1208 1078 1247 exaratum
1116 1219 1205 1248 esse
1243 1208 1353 1250 dicit.
1424 1221 1516 1249 cum
1559 1211 1695 1250 autem
1727 1211 1825 1252 duos
1867 1212 1969 1253 alios
1998 1213 2123 1256 libros
2164 1217 2433 1260 Treuerenses

82 1275 217 1328 exigni
245 1275 367 1329 pretii
398 1287 487 1316 esse
518 1287 610 1316 eum
641 1287 721 1315 11011
760 1274 932 1327 fugerit,
974 1275 1082 1315 hunc
1122 1275 1248 1316 etiam
1284 1277 1510 1318 Petauiano
1553 1279 1872 1321 emendatiorem
1904 1283 1944 1322 et
1972 1285 2313 1336 praestantiorem
2345 1299 2433 1328 esse

80 1345 206 1384 Loers
238 1356 398 1384 summa
428 1356 521 1384 cum
551 1343 700 1384 fiducia
729 1343 968 1396 pronuntiat
990 1342 1005 1388 (
1008 1356 1043 1395 p.
1065 1343 1136 1397 40)
1161 1344 1209 1384 cb
1241 1356 1410 1397 eamque
1441 1358 1605 1386 causam
1630 1348 1827 1389 maiorem
1858 1350 1895 1390 ei
1921 1350 2043 1392 fidem
2076 1352 2118 1392 in
2150 1355 2432 1396 constituendo

80 1411 279 1452 fastorum
310 1413 423 1452 textu
455 1424 545 1452 esse
576 1412 815 1452 habendam.
857 1411 905 1451 110
938 1423 1015 1464 qua
1047 1412 1252 1452 sententia
1283 1413 1378 1465 quid
1410 1413 1671 1456 iudicandum
1704 1417 1777 1466 sit,
1810 1418 1918 1459 infra
1948 1420 2187 1463 uidebimus.

247 1481 284 1520 5.
315 1479 446 1520 Codex
477 1480 777 1521 Vossianus
818 1480 888 1520 lat.
928 1481 1005 1521 oct.
1037 1481 1102 1529 87,
1141 1481 1362 1523 membran.
1405 1494 1506 1523 saec.
1542 1484 1650 1526 XIII.
1698 1486 1895 1537 quaedam
1937 1487 1984 1528 de
2016 1500 2060 1529 00
2100 1501 2145 1529 ex
2187 1490 2309 1531 scidis
2368 1492 2432 1532 B

80 1547 316 1589 Heinsianis
359 1549 607 1601 exprompsit
647 1548 804 1589 Merkel
836 1548 904 1601 (cf.
935 1562 970 1601 p.
1002 1547 1260 1599 CCLXXII),
1301 1549 1370 1602 qui
1407 1549 1559 1592 frustra
1590 1553 1723 1605 ipsum
1753 1555 1932 1596 codicem
1964 1558 2186 1610 quaesiuit,
2227 1560 2316 1599 tum
2346 1559 2432 1612 ipse

79 1630 171 1658 eum
192 1630 284 1658 cum
315 1617 520 1658 codicibus
548 1617 577 1657 C
600 1618 636 1658 V
655 1619 686 1658 L
719 1618 1008 1659 liberalissime
1033 1631 1055 1659 a
1081 1619 1287 1672 praefecto
1319 1620 1590 1662 bibliothecae
1612 1622 1809 1675 Lugduno
1832 1649 1887 1654 —
1908 1626 2090 1666 Batauae
2121 1626 2170 1667 ad
2201 1639 2266 1667 1110
2296 1629 2430 1668 110110-

78 1686 252 1727 11110011111
284 1685 448 1726 contuli.
2382 1705 2385 1707 ·

246 1756 281 1797 6.
323 1754 508 1796 Conlatio
539 1754 690 1795 codicis
730 1754 941 1795 cuiusdam
982 1755 1113 1808 ignoti
1153 1767 1176 1795 a
1206 1755 1396 1796 Vossic
1438 1757 1479 1797 in
1520 1758 1698 1800 editione
1728 1759 2102 1804 Amstelodamensi
2142 1776 2176 1805 a.
2210 1766 2315 1806 1630
2371 1768 2431 1810 C

27 1837 29 1839 ¹
78 1823 299 1877 adscripta,
332 1824 446 1864 cuius
474 1823 665 1864 notitiam
695 1823 853 1863 Merkel
882 1824 1030 1864 Heinsi
1062 1824 1185 1865 scidis
1213 1824 1343 1865 debet.
1379 1838 1402 1866 a
1432 1838 1496 1867 me
1528 1826 1616 1880 ipsa
1646 1828 1719 1868 illa
1735 1829 1857 1870 Vossi
1887 1830 2080 1872 adnotata
2102 1834 2303 1886 exscripta
2325 1837 2430 1877 sunt.

247 1894 281 1935 7.
323 1892 453 1933 Codex
493 1891 765 1933 bibliothecae
802 1892 988 1944 publicae
1028 1893 1322 1934 Leidensis
1367 1896 1443 1936 137
1466 1895 1525 1944 D,
1565 1897 1788 1938 membran.
1829 1911 1931 1939 saec.
1960 1900 2068 1942 ΧΙΠ.
2107 1900 2252 1942 desunt
2292 1903 2310 1942 I
2369 1902 2431 1944 L

77 1961 328 2002 465-531.
366 1961 405 2000 II
427 1960 518 2001 544.
558 1961 617 2000 HI
648 1960 742 2001 440.
783 1960 1010 2014 descriptus
1051 1974 1096 2001 ex
1138 1962 1293 2011 codice,
1329 1963 1370 2003 in
1402 1976 1478 2016 quo
1510 1964 1642 2005 multa
1671 1965 1753 2018 legi
1784 1979 1862 2007 non
1892 1969 2099 2020 poterant,
2140 1970 2244 2010 unde
2276 1970 2430 2012 sactum

78 2030 160 2078 est,
192 2029 238 2069 ut
266 2028 390 2069 uerba
411 2028 609 2081 quaedam
640 2028 706 2068 uel
737 2028 962 2081 particulae
993 2030 1227 2081 uerborum,
1260 2045 1429 2084 quorum
1459 2034 1589 2085 spatia
1612 2047 1739 2075 uacua
1766 2036 1910 2077 relicta
1936 2039 2069 2087 erant,
2096 2041 2237 2092 postea
2270 2040 2318 2080 ab
2350 2041 2431 2081 alia

75 2110 199 2139 manu
232 2097 484 2138 adderentur.
515 2097 602 2150 ipse
633 2097 799 2138 contuli.

245 2166 279 2207 8.
322 2165 452 2206 Codex
482 2165 786 2206 Vossianus
828 2166 931 2207 alter
971 2166 1040 2209 lat.
1084 2169 1162 2208 123
1201 2168 1280 2222 (‘ex
1317 2169 1412 2212 bibl.
1444 2170 1630 2213 Melchis.
1669 2173 1923 2225 Thevenot⁴),
1964 2174 2057 2216 bibl.
2093 2175 2203 2217 Leid.
2237 2176 2301 2225 73,
2366 2178 2429 2219 V

75 2234 310 2282 membran,
343 2245 444 2275 saec.
475 2234 592 2283 XIII,
625 2235 727 2275 item
759 2235 985 2288 descriptus
1017 2248 1063 2276 ex
1095 2237 1232 2277 codice
1261 2238 1439 2290 pessime
1469 2239 1620 2280 habito.
1658 2240 1743 2293 ipse
1775 2242 1942 2282 contuli.

243 2303 279 2343 9.
318 2301 449 2343 Codex
469 2303 609 2346 vHam
623 2303 646 2344 b
660 2305 912 2356 urgensis
952 2306 1174 2348 membran.
1207 2319 1309 2347 saec.
1340 2308 1397 2348 XI
1428 2309 1612 2349 exeuntis
1651 2310 1717 2350 uel
1755 2311 1831 2352 XII
1870 2312 2069 2362 ineuntis,
2109 2314 2178 2366 qui
2221 2328 2296 2367 quo
2355 2317 2430 2357 H

76 2383 181 2411 nunc
209 2370 368 2411 delatus
400 2370 472 2420 sit,
520 2371 741 2425 ignoratur.
794 2386 826 2414 a.
859 2374 965 2415 1665
997 2375 1226 2428 Hamburgi
1267 2376 1310 2416 in
1346 2376 1593 2418 bibliotheca
1634 2379 1857 2419 cathedrali
1889 2392 1980 2420 eum
2018 2381 2215 2422 Heinsius
2255 2383 2430 2423 contulit

75 2439 145 2493 (cf.
166 2439 325 2480 Merkel
355 2440 453 2493 prol.
476 2453 510 2493 p.
534 2439 840 2495 CCLXXXIV),
872 2442 1043 2483 eundem
1075 2456 1107 2485 a.
1135 2445 1240 2484 1732
1269 2444 1397 2486 denuo
1427 2446 1540 2487 Paul.
1572 2447 1675 2487 Dan.
1705 2448 1940 2500 Longolius,
1972 2449 2086 2489 cuius
2119 2450 2295 2490 conlatio
2328 2451 2428 2491 satis

75 2508 267 2549 adcurata
297 2521 390 2549 cum
421 2508 489 2548 diu
518 2508 770 2559 delituisset,
803 2522 826 2550 a
858 2512 900 2553 P.
924 2511 1152 2554 Binsfeldio
1180 2513 1222 2553 in
1253 2513 1502 2555 bibliotheca
1532 2516 1644 2568 regia
1672 2516 1882 2557 Bonnensi
1912 2517 2080 2558 inuenta
2110 2518 2151 2557 et
2178 2519 2285 2571 typis
2311 2531 2428 2559 man-

76 2577 168 2618 data
200 2579 263 2618 est
293 2578 335 2618 in
365 2590 608 2630 prcgramm.
639 2591 774 2631 gymn.
807 2591 889 2632 reg.
916 2580 1023 2622 Frid.
1052 2581 1165 2623 Guel.
1198 2580 1334 2623 Colon.
1369 2583 1474 2623 1855
1506 2583 1691 2638 (‘quaest.
1724 2585 1839 2626 Ouid.
1871 2586 1958 2627 crit.
1990 2587 2090 2638 part.
2121 2586 2203 2639 II').

62 2651 67 2656 '
241 2647 428 2700 Denique
469 2659 515 2687 ex
557 2659 705 2700 magno
748 2647 921 2688 aliorum
964 2648 1149 2689 codicum
1188 2662 1330 2702 grege,
1375 2663 1544 2704 quorum
1586 2653 1837 2694 conlationes
1884 2665 1929 2694 ex
1966 2655 2114 2696 Heinsi
2152 2656 2342 2696 thesauro
2385 2655 2427 2695 in

76 2715 296 2756 editionem
328 2727 443 2756 suam
484 2715 789 2756 Reimerianam
818 2716 977 2757 Merkel
1009 2717 1243 2767 transtulit,
1286 2719 1362 2760 duo
1393 2720 1585 2773 inprimis
1626 2721 1739 2774 digni
1768 2722 1872 2762 mihi
1901 2723 1981 2763 uisi
2010 2724 2126 2773 sunt,
2167 2724 2237 2777 qui
2268 2725 2427 2777 praeter

77 2785 232 2825 ceteros
262 2784 582 2837 respicerentur:

245 2853 308 2894 10.
339 2852 470 2893 Codex
503 2852 885 2894 Zulichemian
898 2866 977 2903 us,
1009 2854 1124 2895 cuius
1155 2853 1430 2896 conlationem
1452 2856 1650 2897 Heinsius
1680 2858 1721 2897 in
1748 2859 1968 2912 exemplari
1995 2860 2168 2912 quodam
2200 2861 2309 2902 domi
2368 2863 2425 2902 Z

75 2920 241 2973 Hugeni
271 2933 293 2961 a
325 2920 563 2974 Zuylichem
594 2920 754 2962 inuenit
784 2924 825 2963 et
862 2923 1087 2976 descripsit.
1130 2922 1199 2974 qui
1237 2922 1359 2963 codex
1391 2924 1460 2964 ubi
1501 2937 1607 2965 nunc
1637 2926 1709 2974 sit,
1755 2927 1979 2976 nescimus,
2019 2928 2122 2969 illud
2162 2927 2210 2969 ab
2254 2941 2311 2979 eo,
2359 2930 2426 2982 qui

76 2989 320 3030 contulisset
360 2989 480 3041 idque
525 2989 626 3029 satis
665 2989 873 3039 adcurate,
928 2990 1167 3032 adnotatum
1208 3003 1296 3032 esse
1326 2993 1524 3034 Heinsius
1564 2995 1785 3035 memoriae
1814 2996 1994 3048 prodidit
2025 2997 2187 3052 (syllog.
2220 2999 2334 3052 epist.
2368 2999 2425 3040 III

74 3070 108 3110 p.
140 3057 239 3110 373)
271 3057 453 3098 0011100111
483 3057 751 3098 ueterrimum
783 3057 911 3099 fuisse
955 3058 1024 3098 sed
1064 3070 1182 3112 saepe
1225 3061 1398 3112 priorem
1432 3063 1674 3115 scripturam
1718 3062 1845 3104 fuisse
1877 3065 2083 3116 0111000111,
2122 3066 2181 3107 110
2212 3069 2349 3108 10111011
2380 3070 2426 3109 111

74 3125 229 3166 multae
261 3125 457 3167 lectiones
488 3126 667 3179 optimae
700 3127 958 3178 superessent
989 3126 1056 3178 (cf.
1087 3126 1245 3168 Merkel
1274 3142 1310 3182 p.
1339 3129 1585 3183 CCLXXV).

246 3195 307 3235 11.
339 3192 469 3234 Codex
499 3194 915 3235 Mazarinianus
946 3196 1197 3236 ‘chartaceus
1221 3196 1286 3250 (ut
1306 3197 1365 3238 ait
1385 3199 1613 3253 Heinsius),
1643 3211 1687 3240 ex
1721 3201 1875 3254 optimo
1901 3202 2038 3243 codice
2062 3204 2286 3258 descriptus
2346 3208 2424 3248 Μ

77 3262 147 3302 0011
179 3262 227 3303 ab
260 3261 452 3314 imperita
482 3275 606 3304 manu
636 3263 927 3316 interpolatus,
959 3265 1057 3306 adeo
1089 3264 1272 3316 quidem,
1303 3268 1350 3307 ut
1379 3268 1527 3320 probae
1550 3270 1787 3323 ueteresque
1818 3270 2013 3313 lectiones
2035 3274 2224 3327 plurimis
2250 3275 2292 3314 in
2322 3275 2423 3317 locis

77 3341 213 3370 erasae
245 3329 347 3379 sint,
377 3331 423 3370 ut
454 3341 503 3370 ne
530 3332 708 3384 uestigia
733 3331 896 3383 quidem
920 3344 1057 3374 eorum
1089 3335 1320 3384 appareant.
1353 3336 1468 3375 erant
1500 3337 1623 3377 etiam
1646 3337 1783 3378 hiatus
1812 3338 1947 3380 relicti
1976 3341 2150 3383 alicubi}
2191 3343 2422 3397 Scripturas
