2550 3774
87 308 141 349 24

88 419 287 471 tertiaque
319 429 364 457 ex
394 416 457 456 his
488 411 694 465 conposita
725 411 845 450 haec:

846 476 987 515 ualida
1018 475 1203 515 deductus
1234 474 1283 513 ab
1315 486 1402 512 arce
1432 473 1483 525 (B
1506 471 1534 512 C
1559 471 1614 524 ς).

89 556 256 608 denique
284 553 332 595 cf.
352 553 370 593 I
392 554 443 593 26
465 550 512 603 (s.
533 563 567 602 p.
589 549 643 601 S),
674 548 692 587 I
713 547 792 587 245
819 545 872 600 (p.
897 545 951 599 8),
982 545 1021 584 II
1043 545 1122 585 286
1152 542 1247 597 (uid.
1267 541 1373 580 Aah.
1394 554 1429 594 p.
1452 542 1534 594 15),
1563 541 1621 581 ΠΙ
1644 541 1724 581 844
1745 540 1865 595 (supr.
1889 554 1925 593 p.
1951 540 2007 591 9),
2039 540 2095 581 VI
2120 541 2197 581 768
2216 539 2265 593 (s.
2280 553 2317 593 p.
2339 537 2418 592 10).

253 635 311 674 Ex
340 633 406 673 his
432 631 585 678 autem,
617 640 718 681 quae
749 628 878 668 adhuc
909 624 1227 680 disputauimus,
1258 622 1379 663 facile
1411 621 1577 675 adparet
1607 620 1751 660 multis
1781 619 1901 669 locis,
1945 619 2088 672 quibus
2119 621 2287 672 utraque
2320 620 2419 660 scri-

87 704 204 758 ptura
234 702 355 742 habet
386 711 460 752 quo
491 696 806 744 commendetur,
839 694 1131 736 difficillimum
1162 703 1267 740 esse,
1300 691 1392 730 utra
1421 689 1549 742 ipsius
1579 690 1721 742 poetae
1751 700 1917 728 manum
1949 687 2181 736 retinuerit,
2213 687 2420 740 dispicere,

88 769 325 824 praesertim
355 780 444 807 cum
472 777 521 805 ne
548 776 685 805 eorum
716 764 879 817 quidem
910 763 1113 810 codicum,
1145 760 1288 813 quibus
1319 759 1495 800 maxime
1526 757 1783 806 confidimus,
1816 757 1840 797 i.
1865 769 1895 798 e.
1918 756 1955 796 A
1974 756 2074 804 UD,
2106 755 2328 796 auctoritas
2352 767 2423 808 per

90 850 228 879 onmes
257 837 391 890 partes
428 835 537 875 idem
564 833 718 882 ualeat,
760 832 951 885 quoniam
981 829 1177 885 quaedam
1206 828 1357 881 magis,
1400 828 1503 868 aliae
1534 828 1670 867 minus
1702 826 2014 879 interpolatione
2046 824 2294 866 deformatae
2327 824 2422 864 sunt

90 906 158 958 (cf.
176 918 277 959 supr.
292 919 327 958 p.
346 906 381 945 9.
402 902 501 956 10¹).
561 902 629 943 sed
658 913 785 954 pauca
818 899 1000 952 exempla
1020 899 1117 939 talis
1141 897 1408 939 dubitationis
1440 909 1678 950 proponam,
1711 907 1830 948 quae,
1863 907 1912 934 ne
1941 894 2086 948 longus
2111 905 2254 943 essem,
2286 892 2422 933 onmia

90 988 135 1015 ex
166 974 290 1014 altero
319 974 420 1014 libro
452 971 624 1024 sumpsi:
1728 970 1732 976 ·

1276 1032 1423 1087 fouit
1452 1034 1506 1086 (A
1528 1034 1564 1074 D
1590 1035 1626 1075 V
1651 1034 1691 1086 ς)

1275 1101 1377 1139 inuit
1407 1101 1459 1154 (U
1484 1100 1513 1141 O
1536 1101 1579 1154 ς)

857 1186 919 1226 qu
935 1186 989 1209 aa
1026 1178 1142 1210 sant
1173 1171 1228 1223 (A
1247 1171 1280 1211 B
1306 1170 1334 1210 C
1357 1169 1400 1223 ς)

856 1238 1013 1293 ‹posteri-5³
1040 1239 1093 1293 (D
1117 1240 1149 1279 T
1172 1239 1199 1278 Z
1222 1238 1265 1278 M
1289 1238 1330 1291 ς)

1105 1308 1315 1346 iacuere
1347 1306 1401 1361 (A
1423 1307 1458 1348 U
1480 1307 1516 1347 D
1540 1306 1581 1359 ς)

1107 1374 1268 1424 cubuere
1299 1374 1349 1427 (B
1370 1374 1398 1414 Z
1422 1372 1485 1427 M)

1245 1442 1472 1514 taciem?
1504 1443 1559 1496 (A
1580 1443 1637 1484 U¹
1658 1443 1694 1482 D
1717 1442 1750 1482 Β
1774 1441 1803 1482 C
1826 1441 1869 1494 ς)

1294 1510 1463 1550 habent?
1503 1511 1585 1565 (U2
1615 1511 1643 1550 Z
1667 1508 1709 1564 ς)

706 1617 755 1631 ⁷.
820 1616 857 1624 ..
916 1581 1049 1635 *quia
1079 1580 1132 1633 (A
1155 1580 1189 1621 U
1212 1579 1252 1633 ς)

285 1621 364 1661 329
395 1632 534 1663 causa,
565 1623 754 1672 repertore
783 1623 875 1655 uitas
931 1667 933 1670 r
964 1651 970 1658 ‚
1344 1662 1364 1671 ..

913 1646 1382 1704 2)Z(L(DTCZR15)
1553 1702 1555 1706 Ι

1114 1723 1156 1755 et
1184 1716 1353 1763 Reme,
1398 1717 1452 1771 (A
1478 1716 1512 1757 U
1533 1705 1568 1756 D
1595 1715 1636 1770 ς)

1112 1785 1228 1838 eripe,
1261 1783 1311 1837 (B
1330 1784 1359 1825 C
1376 1785 1419 1825 M
1437 1798 1461 1834 ς
1489 1784 1683 1837 probante
1707 1783 1896 1835 Heinsio)

287 1892 366 1932 425
397 1897 541 1945 mepta,
575 1888 672 1943 quid
701 1886 908 1942 eomedas?
952 1868 1051 1939 {mn
1091 1859 1141 1891 tn
1172 1852 1226 1907 (A
1251 1853 1281 1943 [j
1309 1851 1351 1907 ς)

952 1936 1052 1975 «luae
1080 1936 1147 1960 nec
1175 1921 1228 1975 (D
1258 1920 1300 1974 ὲ)

511 2006 578 2031 nec
602 2006 718 2046 prece
750 2005 817 2030 *nec
846 1991 1000 2044 wizwctyz'co
1031 1991 1203 2029 carmine,
1231 1996 1355 2029 mater
1385 1990 1471 2029 eris.

837 2073 1049 2111 traiecit
1078 2072 1132 2124 (A
1151 2072 1187 2112 V
1210 2071 1251 2125 ς)

837 2141 1032 2194 {man-§finit
1059 2141 1110 2192 (U
1122 2140 1156 2180 D
1169 2140 1203 2179 B
1217 2139 1246 2179 C
1260 2139 1302 2193 ς)

617 2223 848 2261 *immodico
880 2223 934 2275 (A
955 2223 990 2262 D
1017 2222 1066 2274 ς)
1097 2221 1255 2259 *uictws-
1285 2220 1340 2273 (A
1363 2219 1405 2273 ς)

616 2290 874 2328 indomito
916 2290 967 2343 (U
990 2290 1019 2329 B
1042 2288 1070 2329 C
1094 2289 1137 2329 M
1158 2297 1199 2342 ς)
1231 2294 1416 2341 captus
1453 2288 1504 2341 (U
1529 2288 1564 2327 D
1590 2287 1623 2327 B
1647 2286 1732 2340 Ος)

293 2377 371 2416 607
405 2373 588 2428 Iuppiter
613 2372 799 2411 infamauit
832 2386 986 2425 quaque
1015 2377 1067 2410 est
1098 2386 1176 2410 mm
1204 2386 1278 2410 usa
1307 2371 1477 2409 modeste

498 2456 615 2510 cripit
650 2455 737 2494 hnic
777 2455 832 2507 (A
857 2455 890 2496 U
912 2456 948 2495 V
973 2455 1013 2509 ζ)
1638 2458 1791 2490 uocat
1822 2451 1877 2506 (A
1898 2453 1934 2492 D
1960 2451 2017 2506 ς).

500 2523 697 2577 cripuit
727 2524 779 2576 (D
796 2524 829 2563 Β
849 2522 877 2563 C
892 2523 975 2563 ΖΜ
990 2521 1032 2577 ζ)
1639 2526 1767 2558 monet
1796 2520 1849 2574 (U
1871 2520 1898 2560 Z
1922 2520 1967 2560 M
1989 2520 2042 2574 ς).

266 2606 345 2647 Hic
377 2606 501 2659 igitur
531 2606 661 2646 status
689 2605 756 2645 uel
785 2605 922 2658 potius
954 2606 1053 2645 haec
1082 2605 1332 2658 perturbatio
1361 2603 1563 2644 fastorum
1594 2604 1673 2652 est,
1704 2603 1750 2642 ut
1781 2602 1822 2642 in
1844 2602 1960 2642 libris
1993 2615 2089 2644 mss.
2113 2602 2294 2643 diuersas
2316 2603 2440 2645 habe-

106 2688 219 2716 amus
247 2676 499 2716 recensiones
540 2675 599 2715 ita
629 2675 948 2723 contaminatas,
990 2675 1036 2714 ut
1077 2674 1123 2713 de
1155 2674 1351 2714 alterutra
1381 2672 1449 2712 uia
1480 2684 1526 2712 ac
1555 2671 1711 2712 ratione
1743 2670 1987 2724 expedienda
2023 2672 2063 2712 et
2089 2670 2341 2712 restituenda
2373 2671 2440 2712 de-

108 2743 345 2796 sperandum
376 2744 442 2783 sit.
501 2744 717 2796 quaeritur,
756 2743 861 2783 unde
902 2742 1003 2782 illud
1034 2741 1186 2782 factum
1228 2754 1316 2783 esse
1358 2741 1553 2782 uideatur.
1614 2754 1659 2781 ac
1689 2741 1820 2793 possis
1852 2741 2015 2794 quidem
2046 2741 2158 2782 illius
2191 2740 2441 2783 differentiae

109 2812 252 2852 saltem
279 2814 435 2865 partem
466 2814 513 2854 ab
542 2813 668 2866 ipsius
699 2814 841 2866 poetae
875 2812 1139 2864 chirographo
1180 2811 1441 2865 repetendam
1474 2822 1560 2851 esse
1602 2810 1810 2860 arbitrari,
1849 2823 1872 2851 a
1911 2823 1987 2864 quo
2028 2810 2157 2851 fastos
2197 2810 2442 2864 inperfectos

110 2892 197 2920 esse
226 2881 387 2922 relictos
428 2883 587 2923 constat
617 2882 712 2934 (uid.
744 2882 839 2922 edit.
869 2892 984 2921 meae
1014 2893 1161 2934 proem.
1193 2894 1227 2933 p.
1261 2879 1339 2933 11).
1391 2891 1492 2933 quae
1535 2880 1749 2933 explicatio
1779 2892 1885 2920 nunc
1916 2892 1996 2920 non
2027 2880 2089 2920 est
2119 2891 2233 2920 noua.
2294 2879 2443 2921 similis

111 2949 218 2990 enim
247 2951 349 2991 ratio
379 2951 483 2992 inter
521 2952 618 2993 duas
649 2951 852 3000 familias,
892 2951 934 2991 in
966 2964 1063 3003 quas
1096 2950 1270 2990 Senecae
1299 2949 1598 3003 tragoediarum
1629 2949 1787 2990 codices
1819 2948 2028 2990 distributi
2060 2949 2172 2998 sunt,
2215 2948 2443 2998 intercedit,

112 3032 279 3072 quarum
309 3019 556 3062 familiarum
593 3021 737 3074 prioris
769 3020 955 3074 princeps
990 3019 1052 3059 est
1082 3019 1203 3060 codex
1233 3019 1429 3060 Etruscus
1460 3030 1560 3060 saec.
1592 3018 1668 3068 Xl,
1700 3018 1867 3059 alterius
1903 3019 2068 3071 eiusque
2100 3018 2311 3059 deterioris
2340 3017 2442 3059 Am-

112 3087 320 3129 brosianus
351 3102 451 3130 saec.
474 3091 511 3131 V
532 3090 598 3130 uel
621 3091 686 3131 VI.
740 3102 835 3130 nam
865 3089 931 3129 hic
962 3088 1065 3128 tales
1097 3088 1390 3141 discrepantiae
1418 3087 1692 3137 inueniuntur,
1724 3087 1868 3141 quibus
1888 3088 1934 3128 R.
1959 3087 2106 3140 Peiper
2136 3088 2177 3127 et
2207 3086 2251 3129 G.
2275 3087 2444 3128 Richter

114 3155 275 3196 adducti
315 3158 427 3206 sunt,
467 3160 513 3199 ut
545 3171 591 3199 ex
630 3159 757 3212 ipsius
800 3158 977 3200 Senecae
1020 3157 1288 3210 pugillaribus
1333 3158 1545 3209 utramque
1586 3157 1863 3198 recensionem
1906 3156 2106 3209 originem
2150 3157 2320 3197 traxisse
2366 3156 2443 3197 sibi

115 3224 396 3275 persuaderent
407 3240 415 3266 :

306 1076 358 1115 42
389 1073 584 1127 (Aegeus)
616 1071 795 1111 credulus
827 1070 1011 1110 immerita
1040 1069 1221 1108 Phasida
1725 1080 1806 1121 ope.

307 1212 358 1251 57
388 1223 500 1254 omne,
533 1207 601 1247 ubi
630 1214 717 1247 szmt
744 1206 823 1245 illis
1430 1210 1588 1242 sarmata
1619 1202 1795 1241 kalendis
1826 1200 1972 1255 templa
2003 1198 2127 1240 deae?

309 1347 359 1386 87
391 1358 504 1398 saepe
534 1357 646 1382 canes
678 1343 901 1397 leporesque
933 1340 1076 1380 mnbra
1613 1338 1682 1377 sul»
1712 1352 1805 1377 mm.

284 1484 363 1523 230
395 1481 539 1535 quidue
569 1480 675 1534 quod
703 1480 745 1518 in
775 1479 916 1518 misero
948 1485 1118 1532 tempore
1147 1483 1242 1515 reste

1421 1628 1535 1652 saera
1562 1613 1781 1667 parabant.

287 1758 367 1797 370
396 1756 596 1799 iuuencos,
628 1752 815 1799 Romule,
846 1752 1080 1806 pmcdones,

1933 1748 2052 1793 (Ζίῑιτίέ,
2096 1753 2228 1800 ayunt.

1385 1885 1622 1940 pollentibus·
1652 1884 1779 1924 herbis

1347 2104 1484 2144 altena.

293 2111 370 2151 577
402 2108 509 2163 quod
538 2107 696 2163 (caput)
730 2121 803 2145 aczo

290 2259 369 2299 585
402 2257 584 2312 Iuppiter

1761 2266 1904 2291 (imore.

1073 2489 1250 2543 linquam
1279 2487 1596 2539 Memeuriwnqne

296 3381 325 3423 ¹)
358 3381 451 3416 Idem
475 3383 509 3416 in
532 3384 853 3427 metamorphoseon
877 3382 967 3416 libro
993 3381 1132 3425 optimo,
1158 3381 1352 3423 Marciano,
1380 3378 1623 3415 animaduertit
1649 3378 1785 3413 Merkel
1808 3378 1917 3421 praef.
1941 3378 1992 3413 ed.
2013 3376 2147 3412 Teubn.
2166 3375 2232 3410 uol.
2248 3374 2281 3408 Π
2302 3384 2334 3418 p.
2356 3373 2398 3408 V.
