2550 3774
2370 284 2421 324 27

89 377 286 418 lationem
314 389 505 430 magnam
534 378 822 430 scripturarum
855 379 1096 419 uarietatem
1125 380 1256 421 refero
1288 380 1408 421 Ouidi
1440 384 1479 423 et
1510 386 1886 439 metamorphoseon
1918 389 1958 429 et
1988 388 2198 431 fastorum.
2252 405 2419 445 quorum

88 445 283 486 librorum
310 445 490 486 condicio
514 446 655 486 critica
687 458 765 486 11011
796 446 854 486 ita
884 446 1062 486 multum
1097 460 1118 487 a
1147 449 1294 489 ceteris
1323 449 1467 491 differt.
1510 464 1603 492 nam
1626 466 1701 506 quo
1725 456 1856 507 inagis
1886 456 1928 496 in
1950 457 2160 509 poetarum
2181 458 2421 501 Latinorum

89 513 302 553 historiam
333 513 517 553 criticam
547 514 842 565 penetraueris,
875 526 918 554 eo
951 515 1104 555 certius
1135 515 1178 555 in
1208 517 1284 556 hac
1314 529 1355 557 re
1387 519 1530 560 critica
1561 523 1778 563 exercenda
1810 524 1850 564 te
1880 525 1923 565 in
1953 525 2106 565 lubrico
2138 526 2292 566 uersari
2331 540 2420 580 per-

89 581 235 633 spicies
266 581 385 634 atque
416 593 465 621 ne
496 581 783 621 Tricliniorum
817 582 978 634 quidem
1010 583 1178 624 audacia
1209 584 1294 624 tam
1336 585 1488 626 temere
1519 588 1694 641 tragicos
1740 591 1913 634 Graecos
1953 594 2150 635 tractatos
2181 606 2269 634 6336
2300 608 2421 648 quam

86 648 238 688 multos
276 650 416 701 poetas
456 649 642 697 Latinos,
685 650 828 702 quibus
869 651 1030 692 fortuna
1064 652 1193 693 multo
1236 653 1414 706 iniquius
1456 657 1658 698 consuluit
1699 673 1817 712 quam
1857 663 2119 715 scriptoribus
2158 663 2420 715 pedestribus.

88 716 191 768 apud
211 716 439 768 Vergilium
461 716 621 768 quidem
648 718 784 758 omnia
810 718 1109 772 deprauationis
1139 732 1287 772 genera
1308 721 1390 761 iam
1421 723 1462 762 in
1494 724 1628 765 codice
1652 727 1845 777 Mediceo,
1876 730 1918 769 in
1946 730 2147 780 Palatino,
2176 732 2218 771 in
2239 732 2420 773 Romano

88 795 189 824 saec.
218 784 274 824 IV
307 783 372 823 uel
403 784 438 824 V
469 785 614 833 habes,
647 797 786 825 uersus
816 787 1099 840 interpolatos,
1132 800 1273 829 uersus
1305 791 1374 830 aut
1406 792 1526 832 uerba
1558 795 1822 848 transposita,
1853 799 1975 839 uerba
2003 800 2179 851 genuina
2209 800 2274 840 uel
2306 801 2421 841 simi-

86 852 192 892 libus
222 865 292 905 per
320 865 459 893 casum
490 853 556 893 uel
584 853 845 906 glossematis
886 856 952 896 uel
982 856 1224 909 fragmentis
1255 858 1428 899 aliorum
1459 859 1661 911 locorum,
1703 865 1770 916 qui
1808 868 1969 918 propter
2001 868 2314 909 similitudinem
2344 870 2419 910 ali-

88 933 208 973 quam
239 922 353 961 erant
384 921 595 974 adscripti,
629 922 840 963 exturbata
872 924 1067 976 (Ribbeck
1099 926 1277 979 prolegg.
1308 941 1344 980 p.
1375 929 1456 967 212
1489 942 1543 982 sq.
1576 931 1656 970 364
1688 934 1774 985 sq),
1820 933 2000 975 diuersas
2030 937 2248 989 scripturas
2280 939 2420 978 conta-

86 989 263 1029 minatas
295 990 347 1042 (p.
379 990 460 1029 314
493 992 576 1042 sq).
622 991 887 1042 posteaquam
918 992 1043 1041 enim,
1087 1006 1178 1034 cum
1210 995 1454 1048 antiquitate
1497 996 1689 1038 librorum
1729 1013 1822 1043 mss.
1855 1004 2133 1054 consideretur,
2168 1007 2326 1059 Vergili
2355 1020 2420 1048 res

86 1058 227 1099 critica
259 1059 326 1100 diu
363 1060 506 1109 iacuit,
540 1060 583 1101 O.
615 1061 795 1101 Ribbeck
826 1061 1051 1102 luculenter
1088 1063 1246 1115 aperuit
1278 1064 1494 1104 admodum
1525 1065 1721 1108 incertam
1754 1082 1840 1109 esse
1871 1070 2036 1113 illorum
2067 1074 2249 1114 codicum
2280 1074 2419 1128 singu—

87 1126 217 1167 lorum
248 1129 434 1181 quamuis
466 1129 723 1181 antiquorum
755 1131 1062 1179 auctoritatem,
1105 1144 1344 1185 omnemque
1386 1134 1624 1175 memoriam
1656 1138 1834 1178 nostram
1866 1140 2007 1180 ‘redire
2044 1142 2091 1181 ad
2122 1155 2246 1182 unum
2278 1143 2418 1183 arche-

84 1196 226 1249 typum
257 1198 435 1237 currenti
466 1198 560 1239 stilo
588 1211 730 1250 parum
760 1199 887 1239 nitide
920 1200 1115 1252 scriptum
1148 1201 1432 1253 oppletumque
1462 1203 1566 1243 nube
1597 1205 1936 1257 coniecturarum,
1973 1209 2265 1261 glossematum
2300 1212 2418 1264 atque

85 1265 471 1317 interpolationum',
504 1278 620 1319 quem
653 1267 918 1320 archetypum
949 1268 996 1308 ab
1028 1268 1113 1321 ipso
1144 1270 1262 1322 poeta
1294 1269 1448 1322 aliquot
1485 1272 1675 1323 gradibus
1706 1274 1853 1314 distare
1881 1278 2145 1318 conmunione
2175 1278 2353 1319 locorum
2378 1280 2419 1319 1-11

86 1333 272 1374 011111111113
305 1334 420 1376 1111113
450 1337 728 1388 corruptorum
762 1336 1029 1377 demonstrari
1058 1336 1109 1389 (p.
1142 1338 1252 1391 361).

252 1403 368 1444 Nunc
397 1406 531 1444 autem
554 1417 644 1444 cum
667 1404 715 1444 ad
740 1404 937 1444 fastorum
962 1405 1048 1445 fata
1075 1406 1349 1458 persequenda
1373 1407 1622 1456 accedimus,
1656 1410 1913 1451 uehementer
1946 1413 2138 1462 dolemus,
2172 1414 2270 1466 quod
2299 1426 2417 1455 nemo

85 1472 214 1512 adhuc
244 1474 286 1513 in
320 1473 471 1521 studia,
504 1486 603 1525 quae
635 1474 766 1513 medio
799 1474 901 1526 quod
935 1474 1083 1514 dicitur
1114 1487 1212 1515 aeuo
1243 1476 1284 1514 in
1315 1476 1446 1527 poetis
1475 1478 1635 1518 Latinis
1666 1479 1797 1531 posita
1830 1481 1940 1528 311111,
1976 1481 2109 1522 (16111111
2141 1495 2258 1535 opera
2283 1483 2417 1536 inqui-

86 1541 195 1582 siuit.
236 1554 329 1581 nam
361 1542 401 1581 in
435 1541 708 1581 Graefenhani
739 1542 900 1594 quidem
941 1542 1112 1583 historia
1143 1542 1280 1594 philol.
1313 1543 1428 1585 class.
1460 1545 1560 1585 talia
1595 1545 1743 1587 frustra
1775 1560 1952 1600 quaeres.
2011 1551 2204 1602 quaedam
2235 1552 2417 1592 inuenies

86 1611 189 1663 apud
220 1610 581 1653 Wattenbacliiuin
614 1608 764 1661 (Ges-eh.
799 1609 864 1648 cles·
893 1608 1211 1663 Selirej'tnwesens),
1243 1611 1357 1664 plura
1390 1612 1431 1651 iu
1462 1614 1658 1654 Ribbecki
1688 1617 1983 1669 prolegomenis
2016 1619 2281 1672 Yergilianis,
2313 1620 2415 1660 libro

84 1680 134 1720 ad
164 1682 262 1721 haec
294 1680 426 1720 studia
454 1679 677 1719 uberrimae
706 1679 835 1732 frugis
866 1680 1115 1732 plenissimo,
1148 1682 1188 1721 et
1218 1693 1288 1733 per
1316 1681 1489 1721 aliorum
1513 1683 1719 1734 poetarum
1745 1684 1966 1726 editionum
1991 1688 2193 1739 prooemia
2224 1688 2414 1741 dispersa,

84 1748 191 1789 clara
222 1750 360 1789 tamen
391 1748 431 1787 et
460 1748 568 1788 certa
598 1747 733 1800 imago
766 1748 853 1787 tum
886 1747 1048 1788 demum
1080 1749 1254 1790 describi
1283 1750 1450 1802 poterit,
1494 1751 1529 1791 si
1559 1764 1658 1804 quae
1690 1753 1857 1794 eruditio
1891 1756 1929 1794 et
1960 1757 2143 1796 ueterum
2175 1757 2416 1809 scriptorum

84 1817 255 1858 scientia
294 1817 332 1857 111
376 1817 433 1856 613
473 1817 541 1869 qui
580 1817 643 1857 his
686 1817 831 1857 studiis
872 1818 959 1857 tum
1000 1820 1190 1858 uacarent
1231 1818 1373 1868 fuerit,
1420 1820 1595 1860 maxime
1639 1820 1770 1862 Caroli
1810 1823 1948 1875 Magni
1988 1826 2137 1873 aetate,
2184 1826 2414 1866 adcuratius

83 1885 215 1926 edocti
247 1885 406 1926 erimus.

251 1954 460 2007 Originem
488 1953 613 2007 igitur
644 1954 786 1994 ducere
817 1954 1006 1995 uidentur
1036 1968 1195 2005 01111163,
1228 1957 1296 2009 qui
1327 1957 1489 2010 quidem
1521 1971 1626 1999 nunc
1658 1960 1811 2012 cogniti
1838 1961 1938 2010 31111,
1969 1962 2063 2002 libri
2093 1975 2189 2003 mss.
2215 1962 2413 2004 fastorum

83 2034 128 2062 611
170 2034 247 2063 11110
289 2022 423 2062 codice
464 2022 699 2075 archetypo,
744 2034 862 2075 quem
906 2039 931 2062 α
973 2023 1113 2064 11116111
1155 2025 1494 2078 significabimus,
1536 2040 1653 2080 quem
1695 2030 1825 2069 aetate
1862 2031 1990 2071 multo
2030 2031 2262 2072 inferiorem
2293 2045 2412 2085 quam

82 2091 215 2143 ipsum
245 2092 407 2144 poetam
435 2090 562 2131 fuisse
593 2103 637 2131 ex
670 2092 812 2132 multis
844 2092 1021 2141 mendis,
1054 2105 1153 2145 quae
1184 2095 1364 2135 omnium
1394 2097 1609 2137 conmunia
1642 2100 1751 2146 sunt,
1785 2098 1932 2147 elucet,
1965 2099 2032 2139 sed
2057 2100 2224 2140 eundem
2254 2101 2412 2142 saeculo

82 2159 238 2199 decimo
270 2159 539 2212 antiquiorem
571 2172 615 2199 ex
648 2161 796 2201 codicis
827 2162 883 2210 A,
923 2162 991 2214 qui
1022 2163 1108 2202 eius
1142 2163 1293 2203 saeculi
1324 2165 1405 2213 est,
1448 2166 1686 2219 corruptelis
1718 2167 1954 2220 quibusdam
1995 2169 2052 2209 ita
2088 2170 2336 2223 conparatis,
2368 2172 2414 2211 ut

81 2228 188 2268 inter
217 2240 352 2268 veram
383 2229 590 2281 archetypi
619 2230 878 2282 scripturam,
908 2244 1007 2284 quae
1037 2231 1079 2271 in
1112 2231 1204 2271 aliis
1234 2231 1350 2272 libris
1382 2233 1540 2285 integra
1573 2236 1732 2275 seruata
1764 2236 1842 2284 est,
1876 2237 1915 2276 et
1947 2239 2172 2291 corruptam
2204 2239 2352 2280 codicis
2376 2239 2413 2280 A

82 2295 293 2348 conplures
327 2297 595 2349 corruptionis
625 2298 772 2351 gradus
805 2300 1011 2340 statuendi
1042 2288 1134 2341 sint.
1193 2300 1305 2341 uelut
1338 2302 1419 2341 tres
1450 2302 1645 2343 habemus
1682 2304 1699 2343 I
1729 2305 1832 2344 4131:

246 2377 442 2416 Proa‘imcc
467 2379 683 2431 prospiciet
714 2379 879 2418 Tithono
906 2380 1116 2419 Aurora
1149 2381 1277 2420 ›wlff-10
1309 2382 1385 2435 (sic
1419 2385 1660 2438 archetypus
1691 2387 1729 2425 61
1759 2386 1937 2438 plerique
1969 2387 2093 2439 libri),

933 2465 985 2494 uel
1008 2471 1109 2504 nupta

733 2505 897 2545 Tithono
928 2508 1089 2546 Aurora
1122 2508 1264 2553 felicit),

728 2575 894 2615 Tithono
924 2576 987 2616 uel
1017 2583 1138 2630 nupta
1172 2576 1314 2623 relicto,

729 2643 894 2683 Tithono
925 2651 966 2683 ut
996 2651 1090 2683 ‘num
1124 2645 1252 2685 relicto
1287 2647 1363 2700 ’1316
1394 2648 1449 2697 A,
1477 2648 1526 2690 Cf.
1559 2662 1587 2689 S.
1618 2663 1652 2702 p.
1686 2651 1738 2701 7),

83 2716 122 2755 et
147 2714 186 2755 Π
217 2714 318 2754 782;
352 2712 535 2751 ardentes
559 2711 777 2766 forsque
808 2714 1031 2768 (Zetesque
1060 2716 1173 2753 ¹iuzmff
1204 2717 1279 2769 (sic
1310 2718 1550 2771 archetypus
1582 2719 1620 2758 61
1650 2718 1684 2757 D
1716 2717 1766 2769 ς),

750 2796 914 2838 Venusque
942 2803 998 2838 (ex
1021 2806 1050 2829 a.
1077 2807 1106 2830 a.
1132 2797 1157 2831 I.
1184 2798 1262 2840 1308)

348 2840 531 2879 ‹sinleum-s
559 2838 718 2893 forsque
745 2841 911 2896 deusque
940 2842 1054 2881 iuuat

348 2910 531 2948 (cudente-5·
552 2908 717 2963 forsque
750 2908 951 2964 Venusque
983 2912 1092 2949 [111ιαῖ

351 2978 533 3017 audentes
550 2977 715 3032 forsque
744 2993 924 3034 mensque
954 2982 1067 3019 iuuat
1097 2980 1173 3034 (sic
1204 2980 1251 3029 A,
1285 2981 1363 3023 uid.
1393 2995 1421 3023 s.
1452 2996 1486 3035 p.
1520 2982 1574 3036 S),

84 3059 208 3099 etiam
240 3060 427 3111 quattuor
456 3061 514 3100 ΠΙ
543 3060 646 3100 415:

589 3127 731 3167 Sea-tus
760 3127 829 3167 ubi
862 3128 1062 3168 Oceano
1094 3129 1282 3170 clamosum
1313 3131 1467 3170 scandit
1500 3130 1704 3185 Olympmn

722 3197 904 3237 Phoebus
934 3206 968 3238 et
998 3199 1114 3238 alatis
1145 3200 1359 3239 aethera
1393 3202 1520 3255 carpit
1554 3201 1659 3254 equi-s·
1690 3200 1765 3253 (sic
1796 3200 1998 3252 archetyp.
2031 3199 2071 3239 et
2101 3198 2133 3239 [J
2155 3199 2190 3238 D
2210 3197 2263 3252 ς),

590 3265 731 3306 Scarus·
762 3265 830 3304 abi
861 3265 988 3306 Ocea
1002 3280 1060 3305 111)
1091 3268 1278 3308 ‹ele'uosum
1311 3270 1464 3309 scandit
1497 3269 1700 3322 Olympum

725 3334 906 3374 Phoebus
933 3343 966 3376 et
997 3336 1113 3375 alatis>
1144 3352 1315 3391 aequora
1347 3338 1475 3393 carpit
1505 3337 1621 3390 equis,
