2550 3774
97 266 149 304 26

98 376 287 424 Galenus,
320 372 494 420 Gellius,
535 371 580 409 ut
609 367 833 417 Martialis,
874 367 909 407 si
939 379 1015 419 qua
1048 367 1091 406 in
1121 364 1369 406 carminibus
1399 362 1482 403 suis
1514 363 1613 404 ‘siue
1646 364 1815 405 obscura
1846 364 1969 404 nimis
2003 364 2088 404 siue
2119 364 2248 405 latina
2277 364 2432 417 parum'

99 456 185 485 esse
215 441 440 488 uideantur,
471 437 725 479 librariorum
756 434 1013 476 festinationi
1047 434 1209 475 crimini
1239 446 1285 474 ea
1315 432 1422 472 uerti
1452 432 1589 472 iubeat
1618 433 1672 484 (II
1702 432 1790 485 81).
1847 433 1983 485 itaque
2014 434 2173 486 egregie
2205 433 2251 473 de
2281 433 2434 474 litteris

95 511 290 554 Romanis
319 507 458 550 meriti
487 505 581 548 sunt
610 504 651 546 C.
683 504 878 545 Octauius
910 503 1152 557 Lampadio,
1194 501 1422 549 StaberiUS,
1464 499 1652 540 Valerius
1682 501 1838 541 Probus
1870 500 2020 553 aliique
2050 501 2332 553 grammatici,
2365 502 2433 554 qui

97 580 279 623 Caesaris
310 578 441 619 aetate
473 575 681 628 primoque
720 573 1011 626 imperatorum
1052 571 1211 613 saeculo
1252 571 1293 610 in
1333 571 1517 610 ueterum
1558 568 1799 622 scriptorum
1832 569 2128 621 exemplaribus
2158 569 2432 619 emendandis,

96 646 411 701 distinguendis,
456 641 695 683 adnotandis
738 640 871 680 studia
913 652 984 680 sua
1025 640 1355 688 conlocauerunt,
1396 639 1485 678 tum
1524 636 1782 678 Constantini
1822 638 1954 678 aetate
1995 638 2250 690 maximeque
2290 650 2312 678 a
2351 637 2432 678 fine

96 717 228 770 quarti
258 726 381 767 usque
412 712 459 752 ad
488 710 666 750 medium
699 710 856 750 sextum
889 709 1094 749 saeculum
1127 709 1164 748 ei
1193 708 1379 749 homines
1412 706 1579 754 eruditi,
1614 706 1833 746 maximam
1865 708 2022 759 partem
2054 706 2322 755 nobilissimi,
2364 707 2432 759 qui

94 788 139 827 ut
171 799 193 826 a
223 781 523 825 christianismo
554 779 765 820 hominum
800 777 934 818 studia
973 777 1021 817 ad
1062 778 1220 817 ueteres
1263 777 1358 817 deos
1390 786 1606 828 eorumque
1646 774 1801 815 cultum
1833 776 2083 824 auerterent,
2128 775 2166 815 id
2210 786 2344 828 egere,
2386 775 2432 815 ut

95 854 297 896 ueteribus
329 848 591 902 scriptoribus
624 847 849 887 emendatis
882 845 1147 887 difficultates
1177 845 1340 899 legendi
1381 843 1638 884 remouerent
1669 842 2059 897 delectationemque
2100 844 2304 897 augerent.
2363 843 2432 896 qui

95 938 185 965 cum
217 924 258 963 in
289 919 511 967 codicibus,
543 929 662 970 quam
694 928 854 969 operam
888 915 1186 964 adhibuissent,
1214 914 1293 967 ipsi
1317 911 1682 964 subscriptionibus
1703 910 1883 964 profiteri
1908 912 2019 953 soliti
2052 913 2154 962 sint,
2185 914 2260 953 hae
2294 913 2431 952 autem

94 1006 184 1033 cum
230 990 356 1043 ipsius
397 986 605 1040 scriptoris
644 985 778 1025 uerbis
820 984 1002 1037 depictae
1044 985 1143 1033 sint,
1186 984 1397 1030 Plautinn,
1439 980 1696 1029 Terentium,
1733 980 1981 1033 Vergilium,
2019 981 2257 1029 Horatium,
2301 980 2430 1019 Luca-

93 1073 201 1109 num,
232 1057 430 1105 Persium,
460 1054 706 1102 quenalem,
737 1052 983 1101 Martialem,
1024 1051 1249 1102 Caesarem,
1280 1052 1458 1099 Liuium,
1498 1049 1768 1102 Pomponium
1798 1049 1970 1098 Melam,
2010 1049 2191 1090 Plinium
2221 1049 2430 1098 maiorem,

93 1130 347 1174 Frontonem,
378 1124 610 1177 Apuleium,
642 1122 874 1175 Vegetium,
907 1120 1102 1171 Solinum,
1142 1122 1406 1170 Macrobium,
1449 1121 1682 1169 Boethium,
1714 1120 1966 1160 Marcianum
2000 1120 2219 1174 Capellam,
2251 1121 2428 1162 Priscia-

93 1212 209 1247 num,
241 1196 418 1237 Nonium
450 1194 576 1234 talem
607 1205 768 1246 operam
801 1192 984 1244 expertos
1024 1203 1110 1232 esse
1141 1191 1313 1233 constat.
1375 1202 1452 1243 qua
1483 1190 1619 1229 autem
1651 1188 1728 1229 fide
1759 1190 1799 1229 et
1837 1189 2033 1242 religione
2070 1189 2133 1229 illi
2162 1201 2328 1229 munere
2360 1201 2430 1229 suo

93 1268 223 1309 functi
253 1266 355 1314 sint,
399 1276 487 1304 raro
524 1262 708 1315 dignosci
738 1262 874 1314 potest
903 1285 959 1289 ——
988 1261 1186 1302 Nicaeum
1219 1259 1399 1313 quidem,
1442 1258 1510 1311 qui
1551 1258 1654 1311 apud
1696 1258 1882 1299 Seruium
1922 1259 2165 1311 magistrum
2195 1258 2431 1299 quenalem

93 1335 341 1382 emendauit‚
382 1333 415 1373 si
452 1332 724 1372 Pithoeanuin
766 1329 945 1370 codicem
987 1330 1074 1369 eius
1106 1341 1201 1370 cura
1238 1329 1410 1369 liberum
1451 1328 1827 1380 conparauerimus,
1869 1329 1938 1368 aut
1980 1329 2154 1368 maxime
2187 1327 2431 1381 interpolato

91 1403 308 1457 exemplari
340 1414 459 1441 usum
489 1411 576 1440 esse
609 1399 678 1439 aut
719 1398 852 1451 ipsum
884 1397 1093 1438 leuissime
1135 1398 1297 1451 poetam
1328 1398 1527 1437 tractasse
1558 1397 1790 1437 inuenimus
1821 1398 1937 1449 (Iahn
1968 1396 2094 1450 praef.
2126 1396 2175 1436 ad
2210 1397 2284 1436 sat.
2316 1397 2431 1437 Rom.

89 1489 123 1528 p.
156 1475 177 1514 7
212 1471 304 1525 30),
336 1470 404 1510 sed
436 1467 686 1522 quorundam
719 1466 961 1519 scriptorum
993 1466 1151 1506 codices
1183 1477 1321 1506 omnes
1356 1478 1401 1505 ex
1434 1465 1507 1505 illa
1538 1465 1772 1506 recensione
1803 1465 2024 1514 fluxerunt,
2057 1465 2229 1506 aliorum
2261 1465 2430 1515 codices,

92 1543 158 1596 qui
188 1539 482 1592 subscriptione
513 1537 717 1584 carerent,
748 1535 971 1584 nescimus,
1005 1547 1100 1574 num
1133 1535 1263 1575 eidem
1286 1535 1854 1578 emendationemillamnon
1885 1538 1995 1591 passi
2027 1537 2131 1586 sint,
2160 1548 2288 1589 neque
2320 1536 2431 1576 enim

90 1612 203 1653 illam
227 1607 562 1660 subscriptionem
585 1617 741 1658 semper
764 1604 953 1645 adcurate
984 1605 1305 1658 transsumptam
1327 1618 1414 1646 esse
1445 1607 1759 1647 consentaneum
1793 1608 1864 1648 est.
1908 1607 1975 1646 sed
1999 1607 2090 1646 utut
2121 1606 2200 1654 est,
2231 1604 2432 1658 pendebat

90 1679 190 1720 illud
221 1679 261 1717 et
292 1689 335 1717 ex
368 1675 550 1716 codicum
582 1673 837 1721 condicione,
879 1673 946 1725 qui
987 1674 1286 1725 usurparentur,
1330 1675 1370 1714 et
1401 1687 1445 1714 ex
1478 1676 1611 1717 indole
1644 1678 1684 1717 et
1721 1678 1864 1717 natura
1897 1677 1982 1717 eius
2015 1677 2083 1729 qui
2112 1677 2428 1728 recognosceret,

89 1751 151 1798 ut,
179 1746 420 1801 praesertim
453 1757 545 1784 cum
580 1743 744 1796 quidam
775 1755 824 1783 ne
857 1743 1097 1795 antigrapho
1132 1740 1294 1793 quidem
1326 1742 1390 1782 usi
1420 1744 1579 1796 proprio
1616 1745 1749 1785 Marte
1780 1745 2020 1785 emendandi
2052 1757 2213 1797 operam
2244 1758 2430 1800 suscepe-

89 1818 190 1865 rint,
223 1816 257 1856 si
288 1815 330 1855 in
356 1814 495 1868 paucis
527 1812 791 1865 scriptoribus
822 1812 931 1852 recte
962 1811 1165 1851 iudicandi
1197 1810 1438 1851 facultatem
1469 1812 1685 1861 habemus,
1718 1825 1797 1852 non
1828 1813 2018 1853 continuo
2051 1813 2126 1853 1100
2156 1813 2351 1854 iudicium
2381 1815 2430 1856 ad

91 1886 241 1925 ceteros
271 1883 491 1923 transferre
524 1882 656 1922 liceat.
714 1881 831 1922 Nunc
864 1883 1022 1929 autem,
1056 1881 1089 1920 si
1121 1880 1279 1920 saeculo
1311 1881 1432 1920 tertio
1465 1882 1505 1921 et
1536 1882 1675 1934 quarto
1706 1883 1840 1934 patres
1872 1882 1986 1922 anxie
2019 1882 2213 1923 obtestari
2244 1884 2284 1923 et
2315 1885 2430 1925 obse—

91 1966 199 1994 crare
233 1953 418 1993 uidemus
451 1966 517 1993 eos
549 1952 616 2005 qui
648 1951 879 1992 describant
909 1952 978 1991 aut
1008 1951 1166 2003 legant,
1199 1955 1260 1990 ‘ne
1292 1950 1442 1991 addant
1473 1950 1625 2003 aliquid
1659 1951 1899 2004 scripturae,
1932 1964 1980 1991 ne
2013 1952 2216 2002 auferant,
2249 1966 2298 1994 ne
2321 1955 2429 1996 inse-

89 2024 191 2071 rant,
221 2034 269 2062 ne
300 2022 539 2070 immutent,
574 2021 643 2061 sed
673 2020 882 2061 conferant
914 2033 1005 2060 011111
1037 2020 1331 2073 exemplaribus
1363 2020 1466 2060 unde
1495 2021 1749 2074 scripserint,
1781 2022 1820 2060 et
1852 2022 2066 2062 emendent
2097 2022 2145 2061 ad
2176 2022 2358 2063 litteram
2390 2025 2430 2064 et

90 2091 416 2144 distinguam-2³2),
460 2091 494 2130 si
532 2090 838 2130 uetustissimus
878 2090 1046 2142 quisque
1078 2089 1199 2129 codex
1230 2089 1568 2129 mendosissimus
1601 2092 1662 2130 est
1695 2089 1987 2142 (Wattenbach
2018 2091 2043 2130 1.
2072 2103 2100 2130 s.
2127 2104 2163 2143 p.
2196 2092 2315 2145 265),
2347 2104 2426 2132 non

90 2172 197 2199 mero
226 2172 319 2199 casu
343 2159 497 2199 factum
529 2171 616 2199 esse
647 2158 952 2211 intellegemus,
985 2160 1029 2199 ut
1058 2160 1156 2200 11000
1187 2159 1448 2212 potissimum
1477 2160 1733 2212 exemplaria,
1768 2172 1867 2212 quae
1891 2160 2094 2200 recensita
2118 2162 2265 2209 essent,
2295 2162 2429 2214 requi-

90 2230 281 2277 rerentur,
315 2230 448 2268 cetera
481 2240 605 2280 eaque
639 2228 863 2268 uetustiora
894 2228 1108 2281 paullatim
1138 2230 1494 2269 contemnerentur
1527 2230 1567 2268 et
1598 2229 1934 2278 abolesce1·eut³).
1994 2230 2135 2281 Itaque
2168 2242 2189 2268 a
2220 2241 2284 2269 me
2316 2230 2428 2282 inpe-

90 2300 194 2336 trare
232 2309 309 2335 non
350 2309 533 2349 possum,
577 2298 622 2336 ut
653 2298 812 2349 praeter
844 2297 1071 2349 Vergilium
1101 2310 1328 2351 paucosque
1369 2298 1471 2338 alios
1512 2298 1636 2339 libros
1678 2311 1815 2339 eorum
1848 2299 2108 2351 scriptorum,
2151 2299 2219 2352 qui
2253 2299 2430 2339 multum

89 2365 185 2405 lecti
216 2367 326 2414 sunt,
359 2367 538 2407 codicem
571 2367 836 2418 archetypum
863 2367 1021 2407 saeculo
1046 2368 1187 2419 quarto
1220 2368 1289 2407 aut
1313 2368 1433 2407 tertio
1460 2369 1730 2420 antiquiorem
1757 2380 1843 2408 esse
1875 2380 2061 2408 censeam
2093 2368 2430 2421 diuersitatesque

92 2434 378 2486 scripturarum
408 2436 647 2487 repetendas
681 2448 725 2475 ex
758 2435 885 2488 ipsius
915 2436 1124 2488 scriptoris
1155 2437 1433 2489 chirographo.
1480 2438 1581 2490 quod
1606 2438 1640 2477 si
1663 2438 1699 2477 ei
1729 2438 1988 2490 potissimum
2012 2437 2125 2486 libri,
2157 2438 2225 2490 qui
2254 2437 2302 2477 ab
2329 2437 2429 2490 ipsis

92 2503 349 2555 scriptoribus
390 2516 468 2544 non
513 2505 684 2557 perfecti
727 2506 825 2554 sint,
867 2517 912 2544 ex
950 2505 1330 2558 inte1·p‹‡·lationibus
1372 2505 1593 2558 multisque
1636 2506 1903 2546 uarietatibus
1941 2506 2122 2546 laborare
2152 2506 2353 2555 uidentur,
2386 2507 2429 2547 111

92 2639 177 2690 ipso
207 2640 305 2680 editi
339 2643 452 2682 erant
482 2643 665 2696 (I—IH),
696 2655 823 2696 pauca
855 2643 987 2683 aliena
1018 2644 1185 2683 inuenta
1216 2644 1370 2684 inserta
1403 2644 1516 2691 sunt,
1549 2655 1640 2683 cum
1673 2643 1815 2692 ceteri,
1848 2656 1945 2695 quos
1980 2644 2223 2696 inperfectos
2253 2643 2428 2697 relique-

92 2714 173 2757 rat,
214 2710 310 2750 uiris
352 2711 479 2752 doctis
521 2726 701 2754 summas
743 2712 1008 2753 difficultates
1047 2713 1265 2765 praebeant
1297 2713 1376 2765 [W.
1411 2713 1624 2754 Steinhart
1666 2713 1709 2752 in
1747 2713 1858 2753 101111.
1892 2714 2021 2755 annal.
2054 2715 2105 2754 83
2135 2727 2170 2766 p.
2203 2714 2281 2754 863
2314 2718 2428 2768 sqq.).

91 2777 240 2818 Verum
282 2780 406 2832 igitur
448 2782 493 2821 de
537 2782 711 2823 Senecae
753 2783 974 2835 tragoediis
1016 2795 1140 2835 nuper
1178 2783 1329 2822 uidisse
1374 2782 1417 2823 F.
1449 2783 1628 2822 Leonem
1669 2782 1711 2822 in
1750 2782 1958 2821 Hermetis
1996 2782 2072 2823 uol.
2101 2782 2138 2822 X
2167 2796 2201 2834 p.
2233 2783 2313 2822 423
2346 2796 2427 2836 sqq.

93 2846 277 2895 arbitror,
311 2850 411 2901 quod
445 2851 543 2891 dicit
576 2853 682 2892 ‘ante
713 2853 901 2905 quartum
941 2851 1147 2892 saeculum
1190 2851 1282 2891 data
1314 2863 1432 2904 opera
1474 2864 1540 2892 eas
1578 2851 1888 2903 interpolauisse
1928 2852 2134 2891 hominem
2164 2864 2305 2892 uersus
2335 2864 2427 2904 pro-

93 2915 235 2955 cudere
266 2930 344 2958 non
374 2919 630 2960 mediocriter
662 2921 868 2970 edoctum,
900 2922 967 2974 qui
999 2933 1096 2961 sana
1125 2922 1276 2961 temere
1309 2921 1584 2968 conmutaret,
1617 2920 1865 2972 corruptelas
1893 2920 2134 2960 manifestas
2158 2921 2427 2962 oblitterando

93 2983 344 3036 deprauaret,
387 2988 596 3041 indagaret
636 2991 848 3043 magisque
880 2991 1152 3042 corrumperet
1181 2990 1375 3042 quasdam
1415 2990 1611 3043 hodieque
1649 2989 1849 3038 latentes',
1888 2991 1928 3029 et
1959 2990 2007 3029 ad
2039 2989 2216 3030 similem
2249 2990 2428 3043 interpo-

275 3104 299 3138 l')
330 3105 370 3138 Cf.
396 3106 610 3149 Marquardt.
639 3110 732 3142 Itum.
762 3110 1008 3141 Prz's-ataltmth.
1038 3111 1059 3142 2
1082 3120 1114 3151 p.
1142 3108 1207 3142 409
1234 3120 1283 3151 sq.
1309 3108 1580 3149 Wattenbach2,
1612 3109 1847 3151 Schriftwesen
1875 3111 1912 3141 im
1939 3110 2136 3141 Mlttclalter
2160 3120 2191 3152 p.
2219 3108 2284 3143 264
2308 3119 2381 3151 sqq.

275 3162 301 3203 ²)
327 3162 422 3197 Haec
446 3165 554 3198 uerba
578 3165 694 3200 Rufini
721 3169 802 3200 sunt
827 3166 862 3199 in
888 3175 977 3199 uers.
1005 3164 1155 3208 Originis
1181 3171 1260 3213 περὶ
1290 3168 1431 3212 ἀρχῶν,
1460 3167 1562 3200 etiam
1589 3168 1822 3201 vehementior
1847 3167 1980 3201 Graeca
2005 3167 2118 3200 Irenai
2145 3168 2190 3210 (ἤ-
2215 3168 2302 3205 203)
2331 3166 2430 3200 0th-

100 3219 202 3252 statio
230 3224 280 3254 est
305 3221 339 3254 in
364 3222 449 3255 libro
477 3227 557 3269 7692
583 3224 774 3269 ὀγδοάδος.
823 3224 891 3258 uid.
916 3223 1149 3259 Wattenbach
1175 3236 1206 3268 p.
1233 3226 1300 3259 ‘2⁴58
1328 3237 1400 3270 sqq.

269 3278 295 3320 ³)
324 3280 375 3313 De
401 3280 517 3315 multis
539 3283 685 3325 casibus,
713 3282 838 3325 quibus
858 3282 1048 3325 antiquitus
1073 3288 1228 3318 ueterum
1250 3285 1454 3328 scriptorum
1483 3284 1692 3327 exemplaria
1712 3284 1866 3318 subiecta
1885 3288 2002 3326 erant,
2031 3283 2101 3327 egit
2129 3281 2426 3316 Hofman—Peerl-

103 3332 204 3378 kamp
230 3335 262 3369 in
286 3337 392 3379 praef.
421 3338 542 3373 Horati
568 3341 619 3374 sui
646 3352 677 3384 p.
705 3341 735 3373 X
762 3352 834 3384 sqq.
