2550 3774
578 368 732 409 Etrusc.
1764 371 1949 414 Ambros.

91 437 258 478 Phaedr.
291 438 392 477 831:
435 435 621 488 deformis
651 435 748 474 senii
779 441 960 473 monstret
987 434 1211 487 imiagyinem.
1476 435 1662 488 deformis
1692 439 1790 477 senii
1819 439 1957 478 limina
1984 446 2166 482 transeat.

91 507 259 548 Phaedr.
290 507 391 547 348:
442 505 582 545 Venere
606 505 808 543 instinctus
837 502 998 556 suscipit
1028 504 1165 541 caudam
1194 518 1309 556 91090
1488 504 1530 543 V.
1564 506 1734 545 instincti
1763 522 1882 560 quam
1913 523 2060 562 massua
2090 520 2229 564 cerunt
2257 529 2293 567 9.
2318 531 2361 570 2).
2393 523 2418 555 t.

485 586 563 627 pro
594 579 671 611 toto
702 572 801 611 bella
832 572 1028 611 iuuencas.
1536 573 1568 612 l).
1596 575 1761 613 iuuenci.

89 643 207 684 Here.
230 643 304 684 fur.
336 644 407 683 36:
434 649 591 695 patrem
608 641 794 695 probaui,
807 640 955 693 ylorz'ae
969 638 1052 692 feci
1073 639 1209 678 locum.
1239 654 1316 692 (lim
1482 649 1639 695 patrem
1663 643 1864 696 probauit.
1920 645 2011 685 inde
2033 661 2112 700 qua
2131 647 2253 687 lucem
2274 651 2421 703 premit

494 709 552 748 sol
579 710 763 749 reducens
791 723 944 763 (Imque
974 721 1162 762 reponens
1192 708 1305 749 diem.
1534 711 1733 764 aperitque
1759 710 1886 751 Thetis
1910 727 1988 766 qua
2005 713 2139 767 ferens
2165 716 2281 755 Titan
2305 718 2419 757 diem.

297 779 397 818 627:
439 784 592 817 teneone
615 779 656 816 in
678 792 798 816 (simis
819 778 964 816 editu-m
987 792 1035 814 (m
1063 790 1172 814 mma
1189 774 1311 829 fruor
1480 791 1663 817 *aeramine
1694 794 1804 817 cerno
1836 794 1976 834 corpus
2007 797 2058 822 cm
2092 783 2221 836 fallor
2250 792 2317 824 tua
2358 787 2419 826 (ἷο-

364 895 366 898 v
491 847 667 900 deceptus
696 844 865 884 malm?
1531 852 1659 898 ceptus
1688 846 1859 886 umbra?

290 916 392 956 675:
434 922 540 954 nocte
569 916 623 954 sic
652 916 777 954 «111ιί111ῒοῚ
807 914 909 953 solet.
1472 913 1548 953 talc
1578 927 1651 952 non
1686 915 1800 954 (labie
1831 917 1932 956 solet.
1956 920 1986 969 1)

257 983 448 1037 Idemque
479 984 519 1023 in
550 984 944 1036 metamorphoseon,
988 983 1130 1036 quibus
1166 982 1267 1022 item
1305 981 1451 1021 ultima
1491 994 1634 1022 manus
1674 983 1849 1035 inposita
1880 998 1958 1026 non
1990 988 2052 1027 est
2082 988 2148 1041 (tr.
2180 990 2198 1029 I
2231 992 2292 1044 7),
2325 1004 2420 1032 0011-

92 1050 248 1092 dicione
276 1052 418 1092 critica
446 1052 695 1105 explananda
725 1065 850 1104 nuper
880 1052 993 1092 Alex.
1024 1052 1145 1093 Riese
1173 1050 1358 1103 adripuit.
1417 1062 1511 1090 nam
1544 1051 1667 1091 etiam
1698 1052 1763 1092 hic
1793 1065 1856 1093 res
1888 1054 1945 1094 ita
1985 1067 2026 1095 se
2065 1057 2208 1108 habet,
2251 1060 2296 1099 ut
2326 1060 2421 1101 libri

90 1131 185 1160 mss.
215 1119 254 1159 11]
289 1119 363 1161 duo
395 1120 554 1161 diuersa
592 1132 739 1173 genera
776 1121 1002 1170 discedant,
1045 1121 1086 1160 in
1124 1120 1255 1173 priore
1285 1119 1421 1158 autem
1460 1117 1541 1159 cod.
1573 1118 1802 1159 Marcianus
1834 1133 1934 1162 saec.
1966 1122 2022 1162 XI
2052 1124 2092 1163 et
2121 1125 2419 1168 Laurentianus

93 1201 194 1228 saec.
227 1190 284 1230 XI
311 1191 523 1243 ponantur,
560 1190 601 1230 in
633 1190 759 1230 altero
790 1190 951 1242 praeter
988 1189 1112 1230 libros
1143 1188 1387 1229 recentiores
1419 1185 1693 1239 fragmentum
1724 1188 2054 1241 antiquissimum
2083 1192 2289 1236 Beruense
2320 1209 2420 1239 saec.

91 1256 188 1297 VIII
219 1258 282 1310 (ex
312 1258 442 1299 tribus
477 1259 620 1311 primis
649 1259 765 1299 libris
796 1259 876 1299 289
908 1270 1049 1298 uersus
1080 1258 1328 1310 continens),
1361 1256 1474 1296 cuius
1505 1255 1666 1307 plenam
1697 1257 1885 1297 notitiam
1917 1259 2070 1310 primus
2102 1263 2259 1314 aperuit
2286 1265 2421 1306 Riese.

91 1338 183 1366 cum
212 1338 306 1367 uero
335 1328 477 1368 multis
506 1327 606 1368 locis
639 1327 761 1367 codex
782 1326 1009 1379 Beruensisj
1033 1326 1272 1366 deteriorem
1301 1325 1543 1377 scripturam
1573 1324 1797 1376 praeberet,
1830 1325 1922 1366 aliis
1943 1329 2278 1380 praestantiorem
2302 1345 2421 1385 quani

91 1394 214 1436 Marc.
247 1397 287 1435 et
316 1397 433 1436 Laur.
465 1397 501 1450 (I
534 1397 593 1438 15.
625 1397 689 1437 69.
723 1397 813 1436 190.
871 1396 930 1436 III
959 1396 1031 1444 39,
1063 1395 1238 1434 maxime
1273 1395 1291 1434 I
1324 1394 1423 1442 114,
1464 1393 1533 1433 ubi
1572 1394 1680 1432 recte
1713 1395 1890 1434 seruauit
1920 1394 2038 1433 sabia
2068 1404 2251 1450 cryentea
2274 1400 2419 1453 proles,

90 1462 215 1504 Marc.
247 1465 514 1518 interpolatus
546 1466 608 1505 est
637 1463 863 1518 subiitque),
902 1464 1141 1516 quibusdam
1170 1465 1339 1516 utraque
1371 1462 1515 1503 Ouidio
1546 1462 1697 1514 pariter
1729 1474 1814 1503 esse
1847 1463 1967 1516 digna
1998 1465 2035 1505 ei
2064 1466 2152 1506 uisa
2183 1469 2245 1508 est
2276 1468 2422 1522 (ueluti

91 1534 110 1574 I
142 1535 192 1574 70
224 1541 257 1573 ct
288 1549 386 1587 quae
424 1549 560 1589 pressa
598 1534 667 1573 dizo
697 1548 829 1572 massa
861 1533 1005 1572 latuere
1036 1532 1105 1571 sul)
1136 1532 1207 1571 illa
1237 1533 1358 1573 Mare.
1390 1532 1527 1579 Lam„
1571 1537 1604 1569 et
1646 1545 1744 1583 quac
1776 1547 1916 1585 pressa,
1956 1534 2025 1571 (ἷίιι
2058 1534 2224 1587 fuerant
2254 1537 2422 1591 caliyine

91 1614 206 1639 caeca
236 1602 368 1651 Bern.,
396 1603 490 1642 XIV
521 1603 600 1642 552
634 1602 813 1655 quodque
843 1603 950 1641 sinus
980 1603 1042 1651 M,
1073 1601 1174 1639 latas
1207 1601 1248 1653 ς)
1280 1602 1320 1641 61
1350 1600 1398 1641 ab
1428 1600 1514 1652 ipso
1545 1600 1663 1652 poeta
1690 1600 1889 1652 profecta,
1923 1603 2007 1654 qui,
2038 1604 2083 1643 ut
2113 1604 2171 1644 ait
2201 1605 2296 1659 (uol.
2323 1606 2360 1646 II
2385 1620 2420 1659 p.

93 1671 220 1723 VIII),
263 1671 451 1711 ‘nondum
483 1672 720 1721 diiudicato,
763 1685 861 1725 quas
901 1672 1064 1712 tandem
1095 1671 1352 1724 praelaturus
1382 1670 1509 1717 esset,
1553 1681 1691 1709 omnes
1733 1670 1774 1709 in
1815 1671 2061 1723 autographo
2094 1685 2163 1713 suo
2205 1673 2422 1726 adscripsit

93 1750 339 1792 quarumque
371 1752 461 1792 pars
492 1740 533 1779 in
564 1741 682 1789 haec,
725 1753 816 1793 pars
848 1741 889 1780 111
920 1740 993 1781 illa
1023 1741 1266 1793 exemplaria
1296 1737 1514 1792 mig1·auit.'
1573 1739 1630 1778 Eo
1662 1738 1793 1791 magis
1826 1740 1961 1779 autem
1990 1740 2126 1789 miror,
2167 1742 2271 1794 quod
2300 1743 2421 1784 Riese

93 1806 297 1847 uariarum
327 1808 547 1849 lectionum
588 1810 636 1849 ab
669 1810 754 1862 ipso
791 1810 952 1850 Nasone
993 1809 1266 1862 profectarum
1308 1809 1350 1849 111
1389 1808 1508 1849 fastis
1550 1808 1706 1848 nullum
1748 1821 1788 1848 se
1828 1809 2031 1849 inuenisse
2069 1810 2290 1863 uestigium
2323 1811 2422 1852 dicit

93 1874 234 1928 (praef.
264 1891 298 1930 p.
328 1878 458 1930 VIII),
499 1878 638 1930 utpote
678 1878 782 1918 falsa
822 1877 893 1918 illa
936 1878 982 1917 de
1021 1877 1219 1918 fastorum
1260 1877 1375 1918 libris
1414 1890 1511 1918 mss.
1543 1877 1728 1929 opinione
1770 1878 1902 1918 animo
1942 1879 2267 1931 praeoccupatus.
2327 1891 2421 1919 nam

93 1945 343 1986 differentiae
374 1946 568 1987 librorum
600 1960 696 1988 mss.
718 1947 760 1987 111
792 1947 911 1988 fastis
944 1960 1022 1988 non
1052 1947 1188 1987 minus
1218 1958 1363 1999 graues
1396 1946 1490 1986 sunt
1521 1958 1641 1998 quam
1672 1946 1713 1985 in
1744 1947 2146 1999 metamorphosibus.

261 2014 512 2068 Quamquam
542 2017 587 2055 ut
618 2016 703 2068 ipse
732 2015 780 2056 ad
811 2015 935 2056 talem
966 2017 1211 2056 sententiam
1243 2015 1493 2068 confugiam,
1526 2015 1701 2055 multum
1731 2016 1853 2057 abest.
1896 2016 1963 2068 qui
1994 2016 2101 2055 enim
2126 2016 2214 2056 fieri
2239 2018 2419 2070 potuisse

92 2094 255 2133 censes,
286 2084 349 2132 ut,
392 2096 483 2124 cum
515 2084 613 2124 duae
644 2084 827 2124 diuersae
859 2084 1060 2133 codicum,
1102 2085 1169 2137 qui
1208 2085 1331 2124 etiam
1363 2097 1468 2124 nunc
1499 2085 1721 2133 exstarent,
1762 2084 1942 2124 familiae
1974 2084 2022 2124 ab
2053 2084 2180 2137 ipsius
2213 2085 2419 2137 scriptoris

92 2151 359 2205 pugillaribus
382 2152 579 2205 originem
602 2153 810 2202 ducerent,
842 2154 980 2193 tamen
1007 2153 1208 2206 plerisque
1233 2153 1333 2194 locis
1356 2166 1494 2195 omnes
1525 2154 1619 2195 libri
1641 2154 1791 2194 eisdem
1824 2153 2221 2206 interpolationibus,
2252 2154 2420 2203 lacunis,

92 2221 332 2273 corruptelis
364 2221 711 2262 deformarentur?
752 2222 944 2275 quaedam
979 2222 1091 2262 casui
1120 2222 1333 2263 tribuenda
1364 2234 1451 2263 esse
1482 2223 1672 2272 concedo,
1713 2224 1797 2263 tam
1832 2223 1913 2262 late
1950 2234 2041 2262 eum
2071 2223 2301 2275 grassatum
2333 2235 2420 2263 esse

92 2301 207 2341 nego.
247 2290 371 2330 immo
394 2289 659 2342 plurimorum
683 2291 925 2343 scriptorum
946 2290 1067 2332 codex
1096 2291 1336 2343 archetypus
1368 2291 1416 2331 ab
1447 2292 1533 2344 ipso
1557 2292 1749 2344 scriptore
1779 2290 2035 2343 conpluribus
2068 2291 2239 2331 saeculis
2271 2291 2419 2331 distare

92 2359 265 2400 uidetur.
324 2359 454 2399 ueluti
486 2360 619 2400 Taciti
649 2360 799 2413 dialogi
831 2361 871 2400 et
902 2360 1142 2402 Germaniae
1174 2360 1267 2400 libri
1307 2373 1403 2400 mss.
1434 2373 1479 2401 ex
1511 2361 1646 2402 codice
1676 2360 1867 2400 Fuldensi
1904 2372 2004 2401 saec.
2034 2359 2129 2399 VIII
2158 2359 2223 2399 uel
2252 2359 2311 2399 IX
2341 2360 2420 2400 ori-

91 2428 231 2481 ginem
261 2429 448 2477 trahunt,
478 2428 740 2469 historiarum
772 2430 812 2469 et
843 2429 1050 2470 annalium
1081 2429 1168 2470 libr.
1198 2429 1407 2470 XI——XVI
1437 2442 1483 2469 ex
1515 2430 1595 2471 cod.
1629 2429 1807 2469 Mediceo
1839 2428 1964 2468 altero
1996 2439 2097 2467 saec.
2126 2428 2195 2476 XI,
2227 2428 2420 2469 Varronis

94 2497 140 2537 de
168 2497 264 2549 ling.
286 2497 355 2537 lat.
377 2497 472 2538 libri
501 2509 546 2537 ex
567 2498 750 2539 Mediceo
781 2511 882 2540 saec.
904 2499 978 2547 XI,
1009 2497 1159 2538 Catulli
1191 2510 1236 2538 ex
1263 2498 1365 2538 libro
1388 2499 1611 2539 Veronensi
1642 2510 1740 2539 saec.
1763 2497 1811 2545 X,
1842 2498 1929 2536 tum
1960 2497 2194 2548 conpertum
2226 2497 2420 2538 habemus

92 2566 241 2619 Apulei
272 2566 428 2606 codices
461 2578 598 2607 omnes
628 2566 858 2607 referendos
886 2578 973 2606 esse
1001 2567 1049 2606 ad
1081 2567 1278 2619 originem
1310 2567 1459 2608 codicis
1490 2566 1753 2608 Laurentiani
1784 2577 1882 2606 saec.
1916 2565 1972 2605 XI
2003 2577 2172 2621 eumque
2202 2565 2250 2605 ad
2281 2578 2419 2607 recen-

95 2636 249 2676 sionem
283 2634 415 2687 Crispi
447 2634 617 2676 Sallusti
650 2648 682 2677 a.
714 2636 792 2676 395
825 2636 891 2676 uel
923 2637 1001 2677 397
1034 2649 1067 2688 p.
1101 2634 1190 2676 Chr.
1221 2648 1256 2676 n.
1290 2635 1544 2685 institutam,
1575 2635 1654 2676 Iuli
1688 2633 1845 2674 Paridis
1877 2633 1926 2673 ad
1955 2633 2230 2673 recensionem
2260 2633 2421 2674 Rustici

93 2704 260 2757 Helpidi
288 2704 503 2753 Domnuli,
534 2704 716 2745 Macrobi
747 2705 795 2745 ad
826 2705 1006 2745 Macrobi
1038 2704 1193 2745 Plotini
1224 2705 1319 2757 (cos.
1341 2704 1455 2757 485),
1486 2704 1688 2745 Prisciani
1720 2703 1767 2743 ad
1799 2701 1997 2742 Theodori
2030 2705 2039 2749 {
2049 2713 2081 2741 a.
2113 2701 2211 2754 526)
2231 2701 2275 2755 2),
2307 2702 2419 2742 deni-

94 2784 170 2825 que
201 2773 364 2813 Terenti
395 2773 516 2813 codex
537 2774 758 2814 Bembinus
787 2774 894 2815 solus
926 2785 1063 2827 expers
1094 2774 1155 2813 est
1178 2772 1349 2826 Calliopi
1376 2773 1640 2828 recensionis,
1671 2771 1764 2812 Liui
1791 2770 1911 2811 codex
1937 2770 2156 2822 rescriptus
2174 2770 2419 2811 Veronensis

94 2844 289 2885 librorum
319 2844 439 2884 III-
451 2844 506 2883 VI
534 2843 642 2884 solus
673 2855 814 2896 operae
845 2842 1186 2884 Nicomachianae
1218 2854 1318 2883 saec.
1350 2843 1396 2884 V.

259 2912 387 2965 Atqui
408 2913 489 2953 iam
511 2912 754 2965 antiquitate
776 2913 896 2953 uerba
919 2912 1158 2965 scriptorum
1179 2910 1668 2951 latinorum—fauebant
1690 2909 1825 2949 autem
1848 2907 2000 2948 formae
2021 2907 2251 2947 litterarum
2270 2907 2419 2947 Roma-

94 2993 255 3030 narum,
287 2981 424 3034 quales
447 2982 535 3021 tum
557 2981 731 3021 usitatae
754 2982 868 3021 erant
891 3006 942 3009 —-
968 2980 1110 3022 multis
1134 2980 1291 3021 mendis
1313 2980 1517 3021 maculata
1547 2991 1633 3020 esse
1657 2978 1857 3018 testantur
1880 2975 2018 3016 Cicero
2044 2992 2050 3023 χ
2060 2975 2127 3028 qui
2153 2974 2201 3014 ad
2225 2974 2419 3024 Quintum

94 3050 142 3091 fr.
155 3050 213 3090 ΠΙ
234 3051 271 3099 5,
296 3052 319 3091 6
339 3051 594 3104 conqueritur
610 3048 827 3089 deLatimfs
856 3063 930 3103 quo
961 3064 1020 3089 me
1046 3056 1216 3094 immam,
1246 3050 1398 3088 neseio:
1428 3050 1485 3088 fita
1506 3048 1684 3087 mendo-sc
1709 3052 1741 3085 ct
1763 3044 1984 3084 scribemtm‘
2005 3051 2038 3083 et
2059 3044 2239 3094 veneunt)
2263 3043 2418 3091 Strabo,

278 3209 303 3251 ¹)
330 3209 425 3243 Haec
450 3210 606 3253 exempla
631 3220 674 3244 ex
702 3209 837 3253 Peiperi
865 3215 899 3244 et
923 3210 1077 3245 Richteri
1103 3208 1183 3243 edit.
1210 3207 1328 3243 Senec.
1353 3209 1460 3251 praef.
1487 3220 1519 3252 p.
1551 3208 1580 3241 V
1608 3210 1742 3249 sumpta
1770 3208 1860 3239 sunt.

274 3268 300 3311 2)
328 3266 366 3301 O.
386 3267 478 3302 Jahn
499 3271 585 3301 ‘iiber
602 3270 655 3301 die
673 3268 938 3310 Subscriptionen
956 3270 985 3301 in
1009 3270 1068 3300 (len
1089 3269 1351 3310 Ilandsclzriften
1368 3273 1444 3301 ro'm.
1468 3267 1640 3301 Classilcer’
1664 3264 1697 3298 in
1718 3265 1869 3296 Berichte
1888 3264 1945 3295 der
1963 3263 2006 3296 K.
2028 3261 2065 3296 S.
2082 3261 2258 3294 Gesellsclz.
2278 3260 2418 3293 cLWz'ss.

98 3324 182 3360 1851
210 3325 289 3369 (111)
316 3337 347 3369 p.
373 3326 599 3361 367-371.»

2194 3390 2215 3423 4
