2550 3774
132 270 182 310 16

127 390 280 420 errores
312 378 393 418 iam
425 375 662 423 sustulerat,
703 372 874 420 duobus,
918 371 1012 424 quid
1041 370 1173 423 prima
1202 382 1347 411 manus
1380 371 1607 424 scripserit,
1647 373 1809 425 propter
1846 385 2030 413 rasuram
2061 373 2245 426 dignosci
2285 386 2364 415 non
2392 387 2465 428 po-

126 449 228 496 test,
258 458 336 487 uno
367 446 401 493 (Ι
432 444 502 497 27)
530 444 696 494 uterque
728 441 768 480 et
796 440 833 480 A
865 440 906 480 et
938 440 970 480 Τ
1000 439 1169 487 errauit,
1203 439 1374 492 denique
1406 439 1600 480 uicesimo
1630 441 1741 481 sexto
1770 441 1805 492 (Ι
1838 441 1935 495 137)
1965 440 2090 482 etiam
2122 442 2164 482 in
2197 442 2234 482 A
2265 442 2465 484 sinceram

127 515 367 568 scripturam
399 512 602 553 seruatam
633 520 720 549 esse
746 508 866 549 Riese
897 507 1055 555 docuit,
1086 508 1244 548 restant
1274 508 1541 561 quadraginta
1562 508 1662 559 loci,
1693 522 1791 563 quos
1820 522 1900 550 non
1925 509 2056 550 solum
2084 522 2251 552 numero
2274 513 2469 564 superant

126 582 361 624 emendatae
394 580 615 632 scripturae
645 575 797 617 codicis
827 577 864 617 A
894 600 948 605 —-
980 588 1075 616 nam
1105 576 1257 629 uiginti
1289 589 1435 618 nouem
1467 576 1586 626 10013,
1619 590 1717 630 quos
1752 579 1872 619 Loers
1903 579 2141 632 conputauit
2171 580 2221 632 (p.
2251 581 2336 634 42),
2367 593 2466 633 quos

125 651 246 691 facile
267 661 431 689 numero
454 658 598 700 angere
626 658 811 698 possum,
844 645 1040 685 accedunt
1066 645 1130 685 1111
1159 645 1355 694 sedecim,
1386 646 1530 698 quibus
1554 647 1775 687 auctoritas
1803 648 1953 688 codicis
1985 648 2022 688 A
2045 649 2285 690 Treuerensi
2314 651 2466 691 rectius

124 718 349 773 praefertur
378 741 432 745 —-
455 715 531 756 ‘sed
562 714 691 754 multo
722 713 855 766 magis
884 713 1015 767 pretio
1058 725 1139 754 3110.
1200 714 1336 754 omnia
1368 715 1477 755 enim
1509 714 1734 754 audacioris
1766 715 2092 768 interpolationis
2133 717 2303 767 indicia,
2345 731 2466 771 quam

126 801 244 841 supra
274 784 521 831 adumbraui,
554 782 677 822 habes
709 782 752 821 in
781 782 837 828 T;
880 781 994 821 uelut
1026 783 1109 833 (me
1141 782 1358 824 continebo
1391 784 1527 824 autem
1560 784 1668 823 intra
1698 784 1820 836 primi
1850 784 1946 825 libri
1977 784 2096 837 fines)
2125 798 2162 827 11.
2197 787 2275 827 109
2307 786 2405 840 (uid.
2437 802 2467 831 3.

122 870 157 910 p,
187 856 266 908 14),
297 854 375 893 296
403 852 452 904 (p.
477 851 558 903 14),
590 849 669 889 315
704 862 762 902 sq.
792 849 844 902 (p.
870 850 925 902 6),
956 850 1036 890 373
1064 850 1115 902 (p.
1140 851 1221 904 14),
1261 853 1471 904 praeterea
1497 865 1532 893 u.
1557 852 1580 891 5
1615 851 1736 889 leuem
1766 866 1840 890 ‘non
1875 852 2110 905 (lerlz'qnatns
2139 853 2324 894 honorem
2355 858 2466 904 (cum

123 928 149 967 4
180 942 223 977 ς,
264 938 357 963 71071
401 927 681 961 seramus-atus
711 920 783 973 ω),
833 921 908 961 131
942 919 996 959 sie
1036 919 1237 973 quondam
1268 920 1384 958 2⁶(in
1414 919 1538 958 uoluit
1568 944 1622 948 -—
1652 926 1823 959 uetustas
1854 921 2008 960 nomime
2040 922 2217 962 diuersas
2247 923 2470 979 siynfficarc

125 996 224 1034 m'ces
263 994 379 1046 (quae
417 990 677 1043 interpolatio
715 990 757 1029 in
797 989 907 1029 nullo
949 990 1109 1042 praeter
1140 989 1171 1028 T
1210 988 1313 1029 libro
1346 989 1546 1038 omnium,
1593 1001 1691 1041 (11103
1732 989 1936 1038 11011011111,
1979 992 2112 1031 exstat
2150 1004 2221 1044 pro
2253 991 2469 1032 scilicet

124 1063 326 1102 alterno
355 1058 507 1110 uomit).
568 1059 709 1099 contra
737 1057 958 1097 deteriores
989 1057 1212 1110 scripturae
1243 1058 1285 1097 in
1316 1058 1352 1098 A
1384 1057 1490 1098 haud
1524 1057 1710 1111 exiguam
1741 1059 1900 1110 partem
1942 1059 2090 1100 calami
2129 1060 2295 1102 lenitati
2335 1062 2466 1104 tribu-

123 1131 246 1172 endae
278 1129 390 1178 sunt,
422 1128 464 1167 in
496 1128 527 1167 T
560 1128 697 1167 autem
725 1126 793 1166 uix
823 1125 951 1166 ullam
981 1127 1223 1167 uarietatem
1254 1127 1412 1175 inueni,
1453 1139 1554 1179 quae
1585 1127 1721 1168 uerbis
1751 1128 1894 1180 poetae
1925 1128 1967 1168 in
1998 1129 2144 1170 ceteris
2174 1129 2292 1170 libris
2323 1129 2466 1183 depra-

121 1199 227 1239 uatis
253 1197 336 1238 sola
363 1196 495 1236 lucem
518 1194 709 1235 adferret.
749 1195 905 1247 itaque,
937 1195 972 1235 si
1004 1196 1094 1248 quis
1125 1196 1304 1237 codicem
1326 1197 1435 1236 recte
1460 1197 1677 1237 aestimare
1699 1197 1894 1246 uoluerit,
1927 1198 2118 1250 quoniam
2138 1198 2286 1239 menda
2311 1199 2468 1240 bonane

120 1281 199 1308 non
230 1265 476 1307 numeranda
510 1265 578 1305 sed
611 1264 868 1317 expendenda
899 1265 1013 1313 sunt,
1045 1266 1151 1305 haud
1183 1266 1349 1306 dubium
1381 1267 1461 1315 est,
1495 1265 1591 1318 quin
1622 1265 1654 1305 Τ
1687 1266 1907 1306 auctoritas
1948 1266 2078 1307 multo
2110 1267 2228 1307 cedat
2256 1268 2387 1308 codici
2415 1269 2465 1308 A.

121 1335 290 1377 eundem
327 1334 461 1374 autem
495 1333 619 1373 etiam
650 1333 868 1374 Vrsini-ano
900 1334 941 1373 et
970 1333 1345 1384 Mallerstorfiensi,
1387 1348 1486 1388 quos
1517 1348 1608 1374 cum
1641 1335 1672 1375 T
1706 1347 1776 1375 suo
1806 1347 2024 1388 conparare
2055 1336 2179 1377 Loers
2210 1349 2260 1377 ne
2289 1338 2465 1390 pretium

121 1403 281 1457 quidem
312 1413 454 1455 operae
487 1413 575 1441 esse
607 1401 740 1450 duxit,
784 1402 963 1455 superari
995 1415 1041 1443 ex
1073 1403 1131 1443 eis
1163 1403 1395 1456 scripturis,
1436 1415 1535 1457 quas
1568 1416 1688 1456 supra
1717 1404 1924 1456 proposui,
1968 1404 2152 1457 adparet,
2187 1405 2230 1445 nt
2259 1405 2345 1445 iure
2375 1417 2466 1446 meo

121 1485 212 1513 eum
244 1472 285 1512 in
315 1471 550 1511 inferiorem
576 1471 747 1523 gradum
777 1472 998 1513 detrusisse
1029 1473 1179 1512 uidear.

285 1539 415 1580 Multo
446 1539 563 1592 plura
594 1540 790 1580 debentur
818 1541 948 1581 codici
976 1542 1008 1581 B
1041 1542 1161 1594 atque
1192 1541 1316 1581 etiam
1349 1540 1390 1590 C,
1423 1541 1492 1593 qui
1523 1541 1601 1581 etsi
1631 1540 1775 1580 multis
1800 1540 1901 1581 locis
1933 1541 2169 1594 interpolati
2199 1542 2314 1589 sunt,
2346 1541 2468 1594 idque

120 1611 196 1658 ita,
227 1610 271 1649 ut
296 1609 471 1648 maxime
503 1621 595 1648 cum
625 1609 659 1649 U
691 1610 969 1659 consentiant,
1002 1611 1138 1650 tamen
1172 1610 1392 1662 scripturas
1425 1610 1619 1663 quasdam
1649 1610 1832 1663 egregias
1864 1610 1941 1650 soli
1970 1610 2248 1658 retinuerunt,
2280 1610 2468 1664 idemque

120 1678 200 1719 nisi
231 1677 333 1730 quod
365 1678 405 1717 et
433 1677 538 1717 uitia
568 1679 609 1717 et
639 1678 742 1719 bona
773 1680 890 1719 aucta
921 1681 1036 1727 sunt,
1078 1680 1124 1719 de
1153 1680 1179 1719 Z
1214 1680 1254 1719 et
1285 1680 1328 1719 M
1359 1680 1491 1727 ualet,
1535 1679 1602 1732 qui
1633 1679 1791 1719 codices
1832 1679 1935 1732 quod
1967 1680 2145 1719 nondum
2179 1680 2259 1733 ipsi
2299 1680 2468 1733 reperiri

119 1750 353 1803 potuerunt,
395 1750 659 1789 uehementer
701 1749 918 1790 dolendum
961 1751 1032 1792 est,
1101 1749 1288 1789 Redeunt
1329 1750 1466 1788 autem
1509 1748 1559 1788 ad
1600 1748 1813 1800 antiquum
1854 1748 2031 1801 aliquem
2068 1750 2354 1802 archetypum,
2398 1750 2467 1803 qui

119 1818 261 1859 multis
291 1818 392 1858 10013
424 1818 548 1858 etiam
583 1818 781 1870 integrior
812 1817 893 1859 fuit
922 1831 1042 1871 quam
1075 1818 1317 1870 archetypus
1345 1817 1542 1858 librorum
1570 1816 1607 1857 A
1630 1817 1665 1857 U
1687 1817 1737 1865 D,
1769 1818 1857 1857 tum
1889 1818 2046 1867 autem,
2078 1830 2173 1858 nam
2205 1818 2465 1871 conpluribus

119 1887 307 1940 gradibus
337 1887 384 1927 ab
422 1886 493 1927 1110
525 1886 698 1934 distant,
737 1887 777 1926 et
806 1899 852 1927 ea
883 1886 1146 1939 exemplaria,
1190 1899 1211 1926 a
1249 1887 1393 1939 quibus
1424 1887 1469 1926 hi
1498 1886 1593 1927 libri
1624 1887 1815 1939 exscripti
1848 1888 1961 1936 sunt,
2001 1887 2179 1928 multum
2220 1888 2466 1941 interpolata

121 1957 233 1996 erant
263 1956 382 2009 idque
413 1956 633 1997 secundum
673 1956 873 2005 codicem,
910 1958 977 2010 (1111
1006 1957 1223 1998 Vrsinianc
1263 1955 1501 1996 simillimus
1533 1957 1659 2004 esset,
1702 1956 1742 1995 et
1773 1956 1801 1995 Z
1835 1957 1875 1996 013
1902 1956 1946 1996 Μ
1983 1957 2092 2009 ipsos
2124 1957 2388 1997 audacissimi
2425 1958 2466 1997 et

120 2025 282 2078 inperiti
313 2025 487 2074 librarii,
520 2025 588 2078 qui
619 2037 720 2078 quae
751 2027 979 2066 remoueret
1011 2026 1136 2066 etiam
1167 2025 1370 2073 eraderet,
1402 2038 1569 2066 manum
1602 2026 1785 2078 expertos
1818 2037 1906 2066 esse
1938 2026 2135 2066 Heinsius
2165 2026 2350 2067 testatur.

285 2094 468 2146 Denique
508 2094 604 2134 huic
646 2094 777 2134 ordini
817 2094 974 2134 codices
1018 2094 1053 2134 V
1084 2095 1115 2134 L
1146 2095 1186 2134 H
1219 2082 1446 2134 adscribere
1479 2095 1623 2143 statui,
1666 2095 1734 2147 qui
1775 2094 1973 2147 quaedam
2003 2095 2106 2134 uitia
2136 2094 2464 2147 interpolationis

120 2176 210 2203 cum
242 2163 274 2203 B
301 2162 329 2202 G
360 2162 427 2202 uel
458 2175 549 2202 cum
580 2162 615 2203 U
647 2163 878 2203 communia
908 2163 1077 2211 habent,
1113 2163 1154 2202 in
1185 2163 1278 2203 aliis
1309 2163 1442 2215 magis
1473 2162 1522 2202 ad
1552 2163 1588 2202 D
1611 2163 1833 2211 inclinant,
1867 2163 1936 2203 sed
1967 2176 2106 2203 00111111
2137 2162 2348 2216 archetypi
2378 2163 2465 2202 tam

121 2243 235 2284 saepe
257 2243 347 2271 cum
369 2231 461 2271 aliis
481 2231 616 2279 libris,
647 2232 715 2284 qui
742 2232 812 2271 aut
835 2231 962 2272 etiam
990 2245 1094 2272 nunc
1120 2233 1280 2272 exstant
1304 2233 1374 2272 aut
1397 2232 1542 2272 horum
1571 2232 1776 2272 simillimi
1803 2233 1938 2281 erant,
1968 2233 2177 2285 conparati
2207 2244 2295 2272 0330
2322 2232 2464 2272 uiden-

119 2301 196 2349 tur,
227 2301 271 2339 ut
300 2300 366 2340 uix
398 2299 524 2339 ullam
556 2300 813 2340 emendatam
846 2301 1108 2353 scripturam,
1141 2314 1241 2354 quae
1272 2313 1410 2342 eorum
1439 2301 1601 2354 propria
1632 2302 1758 2349 esset,
1790 2301 2045 2342 retinuerint.

283 2368 386 2409 Nolo
417 2369 552 2408 autem
585 2382 690 2409 nunc
722 2369 903 2421 singula,
937 2381 1037 2421 quae
1069 2369 1119 2409 ad
1149 2370 1279 2422 pretia
1310 2371 1456 2410 horum
1484 2369 1680 2410 librorum
1713 2370 1969 2410 aestimanda
1996 2370 2252 2419 coaceruaui,
2286 2382 2332 2410 ex
2364 2372 2466 2411 scri-

121 2438 199 2477 niis
228 2438 330 2477 meis
372 2437 624 2490 depromere,
666 2450 716 2477 ne
756 2438 936 2478 taedium
977 2438 1136 2491 legendi
1178 2439 1357 2480 locorum
1401 2439 1629 2479 adlatorum
1670 2438 1934 2478 multitudine
1967 2438 2093 2478 etiam
2123 2439 2255 2491 magis
2287 2439 2463 2481 inritem.

122 2505 300 2557 exempla
340 2506 466 2554 enim,
508 2507 655 2558 quibus
696 2508 805 2547 recte
834 2520 900 2547 me
932 2507 978 2547 de
1011 2508 1069 2547 eis
1100 2508 1301 2549 iudicasse
1333 2508 1568 2561 intelleges,
1611 2508 1712 2548 satis
1754 2508 1886 2548 multa
1917 2508 1960 2547 in
1999 2508 2057 2548 eis
2095 2521 2195 2560 quae
2228 2508 2274 2548 de
2304 2509 2342 2549 A
2366 2509 2401 2550 U
2426 2509 2463 2548 D

122 2574 343 2627 disputaui,
373 2575 533 2626 praesto
566 2576 670 2616 sunt.
710 2575 849 2629 itaque
881 2576 918 2615 ei
948 2576 1024 2623 rei,
1057 2588 1176 2628 quam
1208 2577 1312 2616 mihi
1342 2577 1551 2629 proposui,
1582 2588 1647 2616 1110
1681 2577 1781 2617 satis
1813 2576 1959 2617 fecisse
1991 2577 2176 2627 arbitror,
2209 2578 2245 2618 si
2269 2590 2462 2620 uersuum

122 2643 302 2683 ordinem
334 2644 496 2683 secutus
528 2656 595 2683 003
628 2644 737 2684 10003
771 2656 1076 2693 enumerauero,
1124 2647 1268 2698 quibus
1300 2646 1404 2699 quod
1444 2646 1486 2686 in
1516 2646 1553 2685 A
1580 2646 1614 2685 U
1642 2646 1679 2685 D
1710 2646 1862 2686 frustra
1894 2647 2172 2699 quaesiuinius
2202 2648 2463 2700 praesidium,

121 2712 263 2751 horum
292 2711 487 2752 librorum
518 2712 585 2752 hic
624 2713 690 2752 1101
730 2713 801 2753 1110
833 2713 1084 2766 suppeditat:
1128 2716 1146 2754 1
1176 2716 1256 2755 265
1289 2721 1323 2753 et
1351 2715 1434 2752 27(th
1478 2715 1820 2767 eontz'sserant
1854 2722 2017 2768 portam
2059 2716 2092 2755 B
2118 2716 2154 2756 V
2176 2731 2200 2765 ς
2231 2716 2464 2769 (θοηϊίςχθναΐ

121 2779 157 2819 Α
179 2779 211 2819 U
234 2780 269 2819 D
293 2780 353 2832 ς),
393 2782 469 2820 351
505 2782 609 2833 (30111
647 2782 786 2820 teneris
826 2781 1024 2834 lactentia)
1065 2797 1081 2818 s
1097 2798 1120 2820 1(
1132 2784 1203 2821 cis
1234 2784 1266 2824 B
1292 2785 1324 2824 L
1344 2801 1366 2834 ς
1399 2783 1531 2835 (sulcis
1560 2783 1596 2823 A
1619 2784 1653 2823 D
1679 2785 1710 2824 Τ
1735 2785 1770 2825 V
1788 2799 1830 2835 ς,
1875 2784 1922 2824 (le
1964 2784 1998 2825 U
2028 2797 2107 2825 non
2139 2785 2337 2838 constat),
2380 2785 2460 2826 497

113 2846 194 2899 fir
208 2862 243 2885 m
257 2854 341 2885 (1111,
372 2856 493 2888 11101110
524 2850 557 2889 Β
586 2850 654 2900 (ἐς
687 2850 887 2903 (formata
919 2858 1039 2890 memte
1070 2852 1116 2899 U,
1148 2857 1180 2890 et
1198 2852 1325 2906 firma
1355 2859 1478 2892 omento
1508 2853 1598 2904 ΑςΔ
1634 2860 1668 2893 et
1686 2855 1832 2909 firmus
1862 2861 1985 2894 mente
2015 2856 2051 2895 D
2076 2855 2129 2907 ς).
2163 2855 2243 2894 512
2275 2861 2308 2893 et
2335 2868 2462 2893 nemo-

121 2930 209 2953 rum,
239 2931 298 2968 ng]
311 2932 383 2971 1111)
396 2917 419 2955 lz..
432 2933 455 2955 (1,
468 2934 485 2957 c
514 2919 785 2973 mcicccl‘zwique
815 2918 923 2957 chori
952 2920 993 2959 Η
1016 2920 1048 2960 T
1067 2935 1090 2970 ς
1114 2921 1332 2972 (nemorum
1362 2921 1485 2961 siluae
1507 2922 1544 2962 A
1561 2923 1594 2963 U
1610 2923 1645 2963 D
1664 2923 1696 2963 B
1715 2922 1743 2963 C
1761 2924 1796 2963 V
1812 2924 1844 2964 L
1863 2924 1917 2974 ς),
1952 2925 2032 2964 626
2056 2923 2116 2961 {Tus
2147 2929 2276 2962 tamen
2303 2938 2462 2963 carem-

118 2990 261 3037 ptum
290 2986 320 3025 L
346 2986 417 3036 Τς
449 2988 637 3038 (0101111111
667 2989 704 3029 Α
727 2989 776 3037 V,
815 2994 987 3042 ereptum
1017 2989 1110 3039 Dg,
1157 2991 1345 3029 (tutissimi
1375 2991 1410 3032 U
1430 2992 1463 3031 Β
1488 2990 1516 3031 C
1539 2992 1566 3031 Ζ
1589 2992 1631 3031 Μ
1646 2998 1702 3044 ς),
1747 2993 1827 3033 636
1860 2992 2004 3037 altera,
2047 3006 2320 3030 (cer-surum
2353 2998 2461 3046 post-

124 3052 237 3090 modo
270 3054 464 3107 quidquid
493 3063 576 3095 erat
608 3057 653 3109 (Z
674 3059 688 3082 2
716 3058 759 3098 Μ
777 3059 804 3106 2,
836 3069 936 3110 quae
967 3058 1187 3111 scriptura,
1229 3061 1321 3112 quia
1350 3061 1590 3100 Postuertae
1622 3073 1768 3101 nomen
1800 3061 1872 3102 1110
1903 3073 2023 3101 uersu
2054 3061 2290 3114 explicatur,
2320 3073 2462 3102 neces-

123 3121 228 3161 saria
256 3123 336 3171 0313,
378 3131 583 3164 ‘meriturum
615 3127 689 3181 ω),
724 3128 804 3168 649
836 3127 964 3165 hano
993 3133 1062 3165 tua
1093 3128 1289 3167 constituit
1318 3129 1494 3181 qen-etri&
1525 3135 1558 3168 et
1588 3128 1702 3168 rebus
1732 3136 1765 3169 et
1794 3144 1867 3168 ara
1896 3130 1929 3169 B
1954 3130 1997 3169 M
2023 3131 2087 3180 23
2118 3128 2262 3182 (*11000
2292 3144 2351 3180 ω,·
2393 3128 2461 3169 sed

123 3188 214 3228 leaeo
243 3191 348 3231 nihil
377 3192 518 3242 habet,
561 3208 637 3247 quo
671 3196 780 3235 recte
810 3195 1022 3244 referatur,
1067 3197 1257 3248 quoniam
1296 3199 1496 3252 templum
1534 3197 1779 3240 Concordiae
1820 3199 1863 3240 in
1894 3199 1999 3239 cliuo
2032 3198 2274 3252 Capitolino,
2306 3198 2353 3238 de
2384 3210 2461 3250 quo

124 3258 267 3309 agitur,
299 3259 346 3299 ab
378 3259 619 3313 imperatore
651 3263 813 3304 Tiberio
845 3263 1054 3304 conditum
1088 3277 1175 3305 esse
1200 3266 1370 3307 Ouidius
1400 3279 1520 3308 uersu
1550 3268 1732 3320 proximo
1764 3268 1968 3321 superiore
1993 3267 2149 3309 dixerat
2166 3292 2222 3296 ——
2242 3264 2463 3319 templaque

123 3324 267 3373 fecisti,
298 3343 416 3381 qaam
448 3329 540 3368 colis
569 3332 669 3385 ipse,
703 3333 797 3373 deae
827 3349 901 3381 -3
934 3336 976 3373 at
1008 3346 1146 3374 omnes
1177 3334 1442 3376 difficultates
1468 3335 1669 3376 tolluntur
1698 3337 1829 3377 forma
1860 3335 1960 3375 Ιιαησ
1992 3361 2046 3365 -
2075 3338 2102 3377 i.
2133 3349 2165 3377 e.
2198 3335 2462 3377 Concordiam
