2550 3774
73 267 98 305 4

75 391 121 419 ex
151 378 223 418 illa
254 375 524 428 discrepantia
555 373 761 427 expectes,
795 372 915 423 atque
948 370 1073 410 etiam
1105 370 1152 410 A.
1186 369 1397 422 Zingerle,
1441 368 1504 408 uir
1534 368 1577 409 in
1608 367 1754 408 Ouidio
1795 367 1902 408 haud
1933 367 2192 409 mediocriter
2223 368 2425 418 uersatus,

75 447 189 487 Riesi
219 445 448 498 opinionem
480 441 732 495 probauisset
760 437 963 491 (Zeitsclzr.
981 438 1016 491 f.
1043 443 1134 476 [istst.
1159 436 1348 489 Gymnias.
1378 437 1483 477 1875
1504 450 1541 489 p.
1566 436 1679 489 285),
1709 447 1788 477 non
1819 436 2005 489 ineptum
2037 447 2125 476 esse
2155 435 2260 476 mihi
2290 436 2426 477 uisum

75 516 155 562 est,
188 524 287 565 quae
319 512 424 552 inter
463 510 661 550 fastorum
700 507 858 548 codices
899 507 1004 548 ratio
1035 505 1315 554 intercederet,
1355 504 1427 545 illo
1467 504 1561 546 edit.
1594 515 1708 544 meae
1749 503 1837 545 loco
1879 503 2110 557 significata
2140 503 2272 556 magis
2306 515 2428 556 quam

75 581 276 634 exposita,
319 580 540 632 quibusque
567 574 781 629 praesidiis
813 586 952 615 eorum
983 574 1103 615 verba
1134 573 1420 615 constituenda
1453 574 1610 621 essent,
1653 573 1779 613 etiam
1811 572 1904 613 aliis
1934 573 2095 626 praeter
2116 572 2154 612 A
2180 571 2298 614 libris
2329 584 2427 612 mss.

73 649 300 703 conparatis
334 659 439 687 nunc
468 644 700 686 adcuratius
732 654 917 683 enarrare
950 643 1002 691 et,
1035 643 1070 683 si
1100 641 1187 683 fieri
1216 644 1367 695 posset,
1398 655 1484 683 rem
1516 641 1566 682 ad
1597 641 1799 694 liquidum
1829 640 2058 694 perducere.
2096 640 2100 643 ’

243 729 344 770 Sunt
382 728 517 768 autem
546 725 642 766 libri
672 737 782 773 11100,
815 724 862 764 110
894 724 1039 777 quibus
1068 723 1251 777 pluribus
1282 737 1387 764 nunc
1418 724 1625 777 disputare
1656 724 1698 764 in
1730 723 1866 764 animo
1899 724 1973 771 est,
2005 722 2120 762 hice:

74 821 142 861 A
314 819 347 859 1.
395 815 515 856 codex
555 813 882 866 Reginensis
926 813 1032 854 1709
1070 813 1157 853 siue
1188 813 1533 854 Petauianus
1562 824 1665 853 saec.
1694 812 1743 860 X,
1785 823 1904 864 quem
1936 810 1995 851 ita
2026 810 2203 860 Merkel,
2245 811 2314 863 qui
2356 823 2428 851 sua

76 886 192 927 debet
222 886 274 925 H.
304 883 459 931 Κο1110,
502 883 544 922 111
587 881 682 921 edit.
714 881 914 921 Teubner.
942 880 1001 921 III
1031 881 1157 933 praef.
1196 895 1232 934 p.
1264 881 1341 922 VII
1381 880 1618 933 descripsit:
1668 880 1852 920 ‘Formae
1893 879 2135 932 quadratae,
2177 880 2427 921 membranis

74 953 181 994 binis
210 951 426 1004 colligatis,
465 949 649 989 uersibus
682 949 724 989 in
762 949 912 1001 pagina
952 949 1109 990 nicenis
1142 950 1335 1003 septenis,
1377 950 1590 1003 scriptura,
1633 962 1754 1002 quam
1798 949 2106 1002 Carolingorum
2139 949 2331 998 dicimus,
2363 949 2426 989 in-

75 1021 251 1075 eleganti
293 1033 339 1061 ac
380 1018 632 1071 neglegenti,
675 1018 885 1059 uocabulis
924 1018 1162 1070 saepissime
1200 1030 1410 1071 perperam
1453 1018 1688 1071 diremptis,
1734 1018 2104 1071 praepositionibus
2145 1018 2293 1071 ubique
2332 1017 2428 1058 sub-

75 1089 265 1130 stantiuis
295 1087 626 1135 adhaerentibus,
657 1086 896 1139 plerumque
934 1086 1088 1126 litteris
1127 1086 1387 1128 adsimilatis.
1427 1087 1519 1140 post
1550 1098 1760 1128 caesuram
1791 1086 2037 1139 pentametri
2065 1086 2305 1139 plerumque
2337 1097 2424 1127 am-

73 1158 184 1211 plum
222 1155 493 1196 interstitium
524 1154 715 1195 relictum
746 1166 834 1195 esse
866 1154 1037 1195 dicitur:
1072 1155 1268 1207 quaedam
1299 1156 1348 1196 ab
1380 1156 1520 1197 eadem
1543 1169 1668 1197 manu
1691 1157 1883 1203 correcta,
1911 1155 2044 1195 multa
2073 1155 2122 1195 ab
2154 1155 2295 1203 altera,
2327 1165 2428 1207 quae

74 1225 173 1265 satis
203 1225 367 1264 uetusta
397 1223 594 1263 uideatur.
638 1223 791 1263 desinit
821 1223 943 1264 codex
975 1224 1016 1263 in
1047 1223 1142 1264 libri
1174 1224 1307 1276 quinti
1337 1237 1501 1265 uersum
1533 1225 1609 1265 24.q
1672 1226 1780 1274 Quas
1813 1224 2034 1277 scripturas
2060 1224 2090 1264 Ι.
2116 1223 2160 1264 F.
2185 1222 2428 1271 Gronouius,

73 1293 160 1334 Nic.
188 1292 404 1340 Heinsius,
432 1292 483 1334 10.
515 1292 687 1332 Vossius
718 1304 763 1331 ex
793 1304 838 1332 eo
869 1291 1113 1341 adtulerant,
1144 1292 1186 1332 in
1218 1292 1395 1334 editione
1427 1307 1499 1335 sua
1530 1294 1790 1335 Reinieriana
1822 1293 1979 1333 Merkel
2021 1304 2181 1333 summa
2211 1304 2304 1332 cum
2331 1291 2430 1332 reli-

72 1361 191 1414 gione
222 1360 398 1412 conlegit
428 1359 495 1411 (cf.
523 1360 649 1413 praef.
677 1374 714 1413 p.
747 1359 944 1400 CCLXXI
976 1362 1063 1413 sq.),
1105 1363 1193 1401 tum
1225 1361 1332 1402 idem
1362 1363 1410 1403 ad
1443 1363 1536 1404 edit.
1564 1363 1889 1404 Teubnerianam
1917 1361 2136 1402 curandam
2168 1360 2217 1401 ab
2248 1361 2426 1401 Henrico

72 1428 208 1469 Keilio
240 1428 474 1468 adcuratam
506 1428 593 1468 eius
624 1428 901 1469 conlationem
932 1429 1092 1482 accepit
1123 1431 1162 1469 et
1193 1429 1391 1479 adhibuit,
1422 1430 1491 1470 sed
1519 1430 1826 1483 deproperatam
1868 1442 1958 1470 eam
2003 1441 2091 1470 esse
2130 1429 2354 1471 editionem
2387 1431 2428 1470 et

74 1509 301 1550 expressam
326 1497 435 1537 aliud
464 1498 603 1550 agenti
642 1498 729 1551 ipse
759 1499 801 1538 in
833 1499 957 1551 praef.
1002 1513 1038 1552 p.
1070 1498 1126 1538 VI
1156 1498 1379 1552 profitetur.
1413 1512 1519 1540 nunc
1560 1499 1701 1540 eadem
1733 1499 1963 1540 conlatione
1994 1499 2109 1539 Alex.
2151 1498 2273 1539 Riese
2315 1511 2425 1548 usus,

72 1566 140 1606 ubi
165 1578 256 1606 cum
287 1566 476 1606 contextu
504 1578 587 1614 suo,
620 1567 689 1620 qui
719 1568 899 1615 uocatur,
930 1567 1198 1620 discreparet,
1226 1567 1268 1607 in
1299 1568 1496 1621 adparatu
1527 1568 1671 1609 critico
1702 1567 1829 1621 praef.
1851 1582 1889 1621 p.
1919 1567 1978 1608 IX
2002 1580 2087 1620 sqq.
2115 1565 2427 1607 adcuratissime

74 1646 114 1673 00
145 1634 368 1673 excussisse
400 1633 500 1674 dicit
530 1633 586 1687 (p.
617 1634 730 1686 VIII)
773 1634 952 1675 ‘omissis
992 1636 1154 1676 tantum
1186 1637 1511 1691 orthographicis
1542 1637 1667 1677 medii
1697 1637 1788 1677 aeui
1820 1635 2080 1690 quisquiliis'‚
2123 1636 2170 1676 ut
2200 1636 2311 1676 certa
2341 1635 2429 1675 01110

72 1702 223 1742 00111010
254 1702 388 1755 imago
420 1701 523 1755 apud
556 1714 648 1742 eum
679 1704 985 1756 repraesentata
1016 1706 1147 1745 exstet
1176 1707 1217 1746 et
1246 1706 1285 1746 id
1316 1707 1435 1748 modo
1468 1708 1685 1749 dolendum
1718 1708 1795 1757 sit,
1841 1707 1944 1760 quod
1982 1706 2089 1747 inter
2117 1718 2263 1747 manus
2293 1706 2427 1746 diuer-

73 1783 149 1820 sas,
180 1771 324 1824 quibus
354 1772 485 1825 prima
516 1773 696 1813 correcta
726 1774 801 1822 est,
833 1773 1087 1826 distinguere
1119 1774 1262 1815 noluit.

76 1874 138 1915 U
309 1876 347 1915 2.
387 1874 508 1915 codex
539 1875 841 1917 Vaticanus
872 1878 981 1917 3262
1014 1877 1100 1917 01110
1131 1875 1457 1919 Vrsini-anus
1497 1890 1599 1920 saec.
1630 1879 1700 1919 XI.
1731 1878 1948 1930 descriptio
1980 1877 2153 1918 Merkeli
2184 1877 2243 1918 ed.
2275 1878 2428 1919 Teubn.

71 1944 129 1983 HI
156 1957 191 1997 p.
218 1943 293 1983 VII
324 1944 423 1983 haec
455 1944 539 1984 est:
581 1945 657 1984 ‘est
683 1945 927 1997 inscriptum
954 1944 1068 1983 Fasti
1098 1945 1141 1983 1]ιῖ
1175 1943 1316 1984 01·ίᾶίο
1346 1947 1385 1984 in
1417 1946 1493 1985 θνα
1528 1945 1793 1999 ldufjobdrdd.
1828 1944 1870 1983 F
1870 1945 1918 1984 nl.
1956 1944 2056 1992 Urs„
2100 1945 2255 1988 formae
2287 1947 2428 1988 oblon-

72 2024 165 2064 gae,
196 2012 379 2052 uersibus
411 2012 452 2052 in
482 2012 643 2065 paginis
675 2012 1097 2066 duodequadragenis,
1139 2005 1339 2067 scriptura
1375 2016 1550 2056 uenusta
1581 2014 1798 2055 admodum
1830 2016 1871 2055 et
1902 2014 2128 2068 aequabili,
2158 2014 2200 2055 in
2236 2015 2428 2056 extremis

71 2082 231 2134 paginis
263 2080 346 2121 fere
380 2081 569 2130 euanida‚
609 2081 818 2122 uocabulis
861 2084 1048 2122 accurate
1077 2082 1391 2132 discriminatis,
1432 2082 1702 2136 pentametris
1733 2082 1912 2123 reductis
1952 2083 2100 2136 ubique
2143 2085 2427 2138 praeterquam

74 2150 183 2191 foliis
214 2149 436 2202 prioribus,
477 2161 597 2202 supra
639 2149 761 2190 lineis
801 2150 1051 2203 glossemata
1083 2151 1221 2191 addita
1265 2163 1357 2191 cum
1399 2151 1539 2192 littera
1570 2165 1612 2200 3.,
1652 2151 1746 2192 ordo
1785 2152 1825 2191 et
1856 2152 2105 2192 constructio
2137 2152 2426 2194 vocabulorum

73 2217 249 2258 indicata
290 2217 442 2257 litteris
488 2217 718 2271 alphabeti:
772 2219 986 2271 particulis
1029 2221 1070 2260 et
1116 2220 1422 2273 [wonominibus
1470 2219 1779 2272 interrogatiuis
1828 2220 1945 2273 signa
1998 2232 2169 2274 superne
2210 2221 2426 2276 adscripta.

73 2297 216 2325 manus
247 2286 422 2326 secunda
452 2286 560 2327 inest
592 2299 695 2327 saec.
726 2286 826 2327 XV?
868 2288 944 2327 hoc
976 2287 1079 2329 libro
1120 2290 1386 2341 posteaquam
1418 2288 1615 2329 Heinsius
1656 2288 1725 2341 qui
1762 2287 1960 2328 ‘omnium
2001 2289 2269 2330 ueterrimum
2307 2290 2428 2344 atque

76 2353 286 2406 ‹‡q:›timum'
322 2365 414 2394 eum
445 2367 534 2395 esse
567 2355 667 2396 dicit
697 2355 764 2409 (ad
796 2354 890 2396 fast.
921 2356 939 2395 I
970 2357 1025 2408 5),
1057 2369 1154 2397 usus
1185 2358 1259 2406 est,
1294 2356 1471 2405 Merkel,
1504 2368 1764 2409 quaecunque
1794 2367 1840 2396 ex
1870 2356 2019 2397 Heinsi
2050 2357 2137 2397 siue
2167 2357 2429 2400 adnotatione

73 2421 225 2474 publici
253 2422 352 2462 iuris
384 2422 493 2463 facta
525 2424 611 2464 siue
643 2436 689 2464 ex
721 2424 846 2465 scidis
877 2425 963 2465 eius
995 2425 1037 2465 in
1069 2425 1315 2466 bibliotheca
1355 2425 1471 2477 regia
1498 2424 1757 2466 Berolinensi
1797 2424 2023 2466 adseruatis
2065 2425 2112 2466 de
2154 2438 2198 2467 eo
2232 2426 2327 2467 sciri
2356 2439 2426 2481 po-

73 2490 217 2537 terant,
247 2489 288 2530 in
321 2490 539 2531 editionem
570 2491 876 2533 Reimerianam
907 2493 1121 2533 transtulit
1153 2493 1223 2546 (cf.
1253 2507 1290 2546 p.
1322 2491 1659 2545 CCLXXXIIII);
1693 2492 1817 2533 etiam
1849 2492 2148 2534 adcuratiorem
2172 2495 2259 2535 eius
2284 2496 2424 2549 cogni—

74 2558 238 2607 tionem,
272 2572 362 2599 cum
392 2560 541 2601 iterum
572 2562 676 2614 apud
708 2563 965 2603 Teubner-um
994 2561 1122 2603 fastos
1155 2562 1303 2611 ederet,
1334 2561 1473 2602 debuit
1502 2561 1673 2602 Henrici
1702 2561 1832 2602 Keilii
1862 2562 2071 2603 amicitiae
2102 2564 2142 2603 et
2172 2563 2427 2614 liberalitati,

75 2626 141 2667 sed
172 2639 221 2667 ne
250 2629 384 2669 onmia
416 2630 668 2679 exhauriret,
701 2631 945 2671 uerecundia
976 2631 1148 2684 quadam
1180 2631 1303 2672 amici
1330 2631 1560 2684 prohibitus
1588 2631 1650 2671 est
1680 2630 1734 2684 (p.
1766 2631 1822 2671 VI.
1854 2631 1943 2685 sq.),
1984 2633 2073 2672 tum
2114 2633 2255 2673 eadem
2287 2633 2424 2675 conla-

74 2693 130 2735 110
152 2697 310 2747 praesto
333 2696 412 2737 fuit
434 2697 547 2738 Alex.
570 2698 721 2739 Riesio.
742 2698 777 2739 is
801 2699 939 2739 autem
961 2700 1047 2739 eius
1071 2700 1292 2753 scripturas
1321 2713 1401 2742 non
1432 2700 1661 2753 adscripsit,
1692 2700 1773 2741 nisi
1803 2701 2044 2754 ‘ubicunque
2075 2713 2096 2741 e
2125 2713 2168 2742 re
2192 2713 2280 2743 esse
2310 2703 2425 2744 uide-

74 2763 192 2802 retur'
220 2764 272 2816 (p.
293 2765 405 2818 VIII)
435 2766 475 2806 et
506 2778 555 2806 ne
585 2767 627 2806 in
659 2779 705 2807 ea
736 2767 899 2820 quidem
929 2769 1067 2820 parte,
1097 2769 1166 2809 ubi
1208 2769 1293 2810 cod.
1314 2769 1351 2809 A
1381 2769 1530 2810 auxilio
1563 2769 1726 2809 omnino
1759 2769 1949 2809 destituti
1978 2782 2118 2810 sumus
2140 2770 2194 2822 (V
2217 2771 2271 2810 24
2298 2783 2425 2824 usque

75 2829 123 2868 ad
154 2829 250 2883 fin.),
281 2844 371 2872 cum
403 2845 449 2873 ea
477 2835 639 2875 tantum
671 2836 868 2885 enotaret,
893 2848 995 2889 quae
1027 2837 1089 2877 ‘ad
1119 2837 1338 2878 lectionem
1369 2837 1698 2879 constituendam
1720 2838 1995 2891 cuiuscunque
2026 2838 2227 2879 momenti
2260 2840 2422 2889 essent',

79 2897 177 2937 satis
207 2897 360 2951 largam
390 2903 605 2943 materiam
637 2904 937 2957 suppeditauit,
979 2917 1100 2957 quam
1139 2906 1263 2946 etiam
1304 2919 1410 2947 nunc
1451 2918 1570 2959 aegre
1610 2906 1886 2947 desideramus
1907 2909 1949 2959 ¹).
1997 2906 2238 2947 recentioris
2279 2919 2425 2949 manus

76 2965 378 3017 auctoritatem,
421 2982 537 3022 quam
583 2972 736 3012 saeculi
764 2972 840 3013 XV
871 2984 960 3013 esse
992 2973 1148 3013 Merkel
1181 2975 1368 3024 testatur,
1399 2975 1519 3027 longe
1545 2974 1701 3027 primae
1729 2974 2051 3028 posthabendam
2083 2986 2171 3015 esse
2203 2975 2425 3029 eodemque

76 3032 175 3081 1000,
209 3046 285 3086 quo
315 3035 533 3079 deteriores
563 3039 741 3089 codices,
778 3040 1006 3093 ponendam
1040 3052 1086 3081 ex
1117 3041 1218 3094 ipsis
1249 3042 1337 3083 eius
1369 3043 1581 3096 scripturis
1611 3043 1826 3093 discimus,
1867 3055 1988 3096 quam
2019 3043 2068 3084 ob
2100 3054 2186 3083 rem
2216 3055 2306 3084 raro
2337 3044 2425 3084 eius

76 3101 275 3141 rationem
306 3104 530 3148 habuimus.

258 3260 285 3300 ¹)
318 3260 437 3296 Vetuit
462 3263 565 3306 igitur
591 3265 693 3300 Riese
721 3265 764 3300 de
790 3265 964 3309 scriptura
992 3265 1118 3300 codicis
1149 3266 1177 3300 U
1205 3276 1247 3300 ex
1272 3268 1410 3303 silentio
1441 3278 1503 3302 suo
1528 3267 1761 3302 coniecturam
1788 3268 1881 3310 fieri,
1913 3278 2017 3311 quam
2043 3268 2086 3303 ob
2112 3278 2185 3303 rem
2211 3267 2259 3302 eis
2282 3271 2420 3302 tantum

75 3314 156 3349 locis
183 3326 298 3351 earum
325 3319 492 3354 rationem
518 3321 689 3365 duximus,
716 3323 774 3357 ubi
799 3323 930 3358 diserta
955 3332 1074 3358 earum
1099 3324 1227 3358 mentio
1250 3329 1310 3358 aut
1335 3326 1379 3359 ab
1405 3325 1547 3360 Heinsio
1573 3325 1789 3360 Merkelioue
1814 3330 1874 3359 aut
1901 3335 1921 3359 a
1947 3325 2062 3361 Riesio
2086 3325 2183 3360 facta
2207 3328 2372 3360 exstaret.
